3210 5354
719 320 788 377 1285
1359 297 1420 366 137

204 487 274 553 Nos
296 487 499 553 Hermannus
531 492 563 553 et
584 488 790 554 Bemhardus
820 487 933 552 milites
964 485 1077 551 fratres
1107 488 1138 550 et
1160 484 1365 549 Hermannus
1391 484 1424 547 et

157 597 225 661 icus
248 597 303 661 filii
324 598 422 662 nostri
445 599 518 663 dicti
540 599 580 663 de
592 598 815 663 Ludinchusen
827 597 980 661 universis
1002 614 1039 660 ac
1057 593 1196 675 singulis,
1219 592 1261 656 ad
1284 608 1420 673 quorum

157 704 230 768 :iam
254 710 421 787 presentes
443 705 656 789 pervenerint,
689 707 834 788 cupimus
856 723 927 770 esse
948 708 1070 781 notum,
1093 701 1179 785 quod
1201 698 1359 764 Jordanus
1381 698 1422 763 de

157 810 257 876 heren
288 815 320 876 et
351 812 449 894 ipsius
481 812 571 878 liberi
593 812 795 878 Everhardus
825 816 858 877 et
878 811 1047 891 icmarus,
1076 808 1240 875 Lutmodis
1263 812 1294 873 et
1316 807 1423 873 Cune-

157 920 194 985 lis
217 922 251 985 et
271 919 356 986 Jutta
378 941 469 987 soror
491 923 622 1005 predicti
643 921 773 988 Jordani
795 926 825 987 et
837 922 923 988 tutta
944 921 1053 986 relicta
1064 918 1240 985 Alexandri
1261 917 1301 982 de
1323 916 1423 1000 Sepe-

179 1032 213 1093 et
234 1028 297 1094 fille
318 1031 461 1114 ejusdem
484 1031 601 1111 lutten,
625 1032 730 1114 Agnes
753 1033 785 1096 et
807 1030 896 1097 Gosti
910 1031 1020 1096 curtim
1043 1031 1075 1094 in
1097 1027 1295 1113 Hukelem‚¹)
1324 1044 1420 1109 quam

157 1136 214 1201 ibis
233 1138 305 1219 jure
326 1139 427 1203 tenuit
448 1138 607 1222 pheodali,
637 1157 716 1222 pure
745 1140 887 1205 vendidit
915 1138 1077 1222 preposito
1099 1135 1264 1204 Gerhardo
1292 1138 1324 1199 et
1345 1152 1422 1198 con-

157 1245 187 1310 ui
210 1244 342 1311 ecclesie
355 1246 581 1312 Clarholtensis
603 1248 761 1313 canonicis
784 1247 901 1313 ordinis
922 1248 1007 1312 beati
1024 1245 1192 1328 Augustini
1213 1264 1272 1329 pro
1294 1248 1421 1310 centum

157 1355 196 1420 cis
217 1358 250 1418 et
271 1354 409 1438 quatuor
430 1356 539 1438 legalis
561 1360 593 1421 et
614 1355 748 1439 probate
769 1358 908 1421 monete.
938 1355 986 1420 Ac
1007 1359 1119 1438 postea
1141 1353 1243 1419 dictus
1264 1351 1422 1417 Jordanus

187 1463 336 1545 predictis
367 1464 539 1530 heredibus
573 1466 615 1529 ad
644 1483 705 1529 nos
735 1465 867 1530 veniens
896 1465 1052 1548 prefatam
1082 1464 1193 1529 curtim
1224 1461 1365 1545 plenarie
1389 1462 1421 1526 in

157 1589 197 1635 us
231 1575 358 1636 nostras
388 1572 570 1654 resignavit.
618 1571 686 1637 Nos
718 1590 794 1636 vero
825 1575 1036 1636 memoratam
1069 1572 1180 1637 curtim
1189 1571 1217 1658 ¹)
1250 1571 1291 1636 de
1323 1588 1422 1635 manu

157 1680 313 1745 dictorum
337 1680 480 1746 videlicet
513 1682 671 1764 prenotati
693 1680 822 1746 Jordani
857 1684 889 1745 et
921 1680 1077 1745 heredum
1109 1679 1335 1764 predictorum,
1368 1678 1421 1761 qui

175 1786 216 1852 de
239 1788 375 1874 manu¹)
397 1793 508 1854 nostra
529 1791 708 1865 tenuerant,
739 1788 927 1871 recipientes
949 1807 1021 1852 cum
1044 1788 1247 1871 proprietate,
1277 1806 1341 1871 que
1362 1806 1421 1852 uos

159 1895 353 1962 hereditario
364 1896 576 1979 contingebat,
599 1915 671 1961 cum
694 1914 852 1984 consensu
874 1901 907 1962 et
927 1898 1090 1963 voluntate
1111 1915 1247 1964 uxorum
1270 1915 1308 1963 ac
1328 1896 1422 1961 here-

179 2008 361 2070 nostrarum
393 2004 585 2069 contulimus
614 2004 744 2088 prelatis
774 2007 936 2088 preposito
959 2008 991 2070 et
1012 2007 1180 2072 conventui
1202 2006 1332 2071 ecclesie
1354 2024 1422 2070 me·

157 2115 204 2177 ate
225 2131 298 2177 cum
322 2113 406 2195 agris
428 2113 518 2177 cultis
540 2117 572 2177 et
593 2112 726 2192 incultis,
748 2114 883 2196 pascuis,
911 2114 1120 2197 compascuis,
1152 2114 1282 2196 campis,
1312 2113 1421 2194 pratia,

157 2243 164 2287 r
186 2226 217 2288 et
239 2223 307 2288 aliis
329 2222 393 2287 suis
415 2224 565 2288 omnibus
587 2222 629 2287 ad
651 2222 787 2288 eandem
799 2223 912 2287 curtim
924 2222 1157 2305 pertinentibus
1175 2225 1246 2306 jure
1268 2224 1423 2304 perpetuo

157 2349 177 2394 e
198 2328 436 2412 possidendam,
466 2331 561 2395 nichil
584 2331 675 2396 nobis
698 2336 729 2396 et
751 2331 986 2396 successoribus
1017 2332 1132 2396 nostris
1153 2331 1187 2396 in
1209 2330 1321 2395 eadem
1344 2329 1422 2394 curti

157 2437 202 2502 uis
224 2438 395 2502 attinentiis
424 2439 514 2522 juris,
544 2439 664 2504 fructus
697 2444 752 2504 aut
779 2439 904 2505 comodi
919 2438 958 2525 (l)
989 2443 1199 2505 reservantes.
1255 2438 1425 2502 Presentes

157 2549 207 2611 unt
228 2546 411 2611 Alexander
432 2549 540 2611 rector
563 2547 693 2612 ecclesie
715 2549 746 2611 in
768 2548 1003 2626 Ludinchusen‚
1029 2547 1212 2613 Gerhardus
1235 2551 1268 2612 et
1289 2546 1423 2612 Richar-

164 2654 363 2735 sacerdotes3
392 2653 543 2719 Albertus
564 2653 687 2737 dapifer
709 2655 828 2719 domini
859 2656 1117 2721 Monasteriensis
1140 2657 1239 2734 miles,
1270 2655 1369 2721 Ottho
1391 2657 1423 2720 et

157 2761 241 2827 herus
263 2762 305 2826 de
326 2762 484 2841 Sendcne‚
507 2762 659 2827 Ludollus
681 2762 780 2842 Lude,
804 2764 956 2829 Ludollus
978 2765 1019 2829 de
1040 2763 1180 2843 Metlere‚
1201 2764 1360 2829 Svederus
1382 2764 1423 2828 de

157 2872 280 2947 asterio,
304 2869 438 2934 Adollus
460 2869 680 2954 Sa'phenberg,
705 2871 917 2954 Marquardus
940 2873 1043 2937 etalii
1066 2892 1163 2955 quam
1188 2872 1309 2955 plures.
1337 2871 1422 2936 Sane

157 2995 204 3042 roc
224 2977 344 3042 lactum
367 2983 511 3044 nostrum
534 2998 553 3043 a
575 2981 691 3044 nostris
722 2981 957 3045 successoribus
989 2981 1037 3044 vel
1068 2980 1239 3063 abaliquo
1262 2978 1368 3044 valeat
1389 2979 1420 3042 in

157 3104 243 3150 emm
264 3085 387 3165 irritari,
409 3090 592 3169 presentem
615 3087 764 3170 paginam
787 3089 905 3153 nostris
925 3088 1032 3171 sigillis
1044 3087 1229 3153 roboratam
1251 3086 1421 3170 sepedictis

157 3195 241 3273 rosilo
276 3199 308 3260 et
340 3195 510 3259 conventui
544 3194 734 3260 contulimus
765 3196 807 3261 ad
839 3196 1043 3283 m(u)nimen.
1098 3196 1214 3262 Actum
1247 3200 1278 3261 et
1311 3196 1421 3260 datum

157 3301 313 3381 lnchusen,
354 3321 439 3367 anno
472 3302 598 3367 Domini
640 3304 806 3368 millesimo
848 3304 1118 3385 CC⁰LXXX⁰VI⁰‚
1163 3305 1321 3370 dominica
1348 3307 1423 3387 post

157 3409 222 3475 ium
244 3411 446 3478 Sanctorum.

205 3542 253 3609 tto
276 3541 574 3627 pergamentlttciten
600 3543 646 3610 bie
668 3544 777 3628 &tegat
809 3545 842 3631 1)
865 3544 968 3627 edito
997 3543 1128 3627 fitntmol
1156 3544 1274 3630 gcthcilt
1296 3545 1351 3611 mit
1374 3563 1419 3630 pe

157 3651 211 3715 item
231 3650 339 3718 tinen
355 3650 470 3736 (ticli.
483 3650 525 3717 Θ.
540 3650 611 3730 183,
625 3651 658 3736 7)
681 3651 741 3717 unt
763 3652 796 3732 2)
820 3651 920 3734 obertio
943 3654 996 3720 mit
1010 3652 1092 3734 unu
1104 3652 1217 3739 (tholf.
1231 3653 1273 3722 Θ.
1288 3654 1359 3734 183,
1368 3654 1413 3740 6).

191 3829 210 3896 ¹)
227 3829 610 3915 thermuthttrtssouertdott
632 3831 788 3902 ptdctmrrs
815 3832 900 3903 aaut.
930 3833 1050 3902 uellem,
1077 3833 1123 3891 tlt.
1152 3833 1262 3892 fficdum
1291 3834 1421 3903 (detonat

158 3912 297 3985 elamor).
317 3948 349 3957 -
369 3917 392 3987 ²)
411 3917 482 3974 tibet
501 3918 546 3976 tet
563 3918 638 3989 ssriie
657 3918 854 3991 compertoque

157 4320 328 4463 ·—'1aaa,
351 4380 518 4467 herentes
540 4382 591 4454 21.

247 4513 387 4597 diethart
411 4514 526 4581 &imon
549 4533 608 4582 oon
631 4516 784 4599 tertioue
806 4517 937 4601 penitet
959 4517 1022 4583 tem
1040 4515 1155 4594 litotes
1176 4514 1344 4600 denebrac!
1365 4516 1420 4584 ten

250 4620 375 4705 tatium
391 4621 478 4704 ttulit
500 4623 551 4690 ber
574 4624 761 4693 armoricam
784 4626 853 4693 oter
874 4626 941 4705 nod
964 4643 998 4708 pr
1016 4624 1218 4692 reuertentes
1234 4624 1342 4704 (litter,
1363 4625 1422 4706 fret

247 4745 305 4794 oon
327 4727 405 4809 ieter
426 4728 570 4814 &tinum
592 4730 678 4813 hurd
699 4729 776 4812 letne
799 4731 953 4800 tiromten.

343 4861 414 4933 itali
433 4861 490 4919 tem
503 4860 634 4935 [inpium
653 4865 690 4920 tm
704 4862 865 4936 {ittrltttrtm
879 4863 990 4935 urdine
1008 4876 1041 4934 gu
1061 4862 1154 4934 tilieto
1181 4862 1296 4936 petmdt
1328 4863 1419 4937 θείη.

342 4948 425 5010 usu.
444 4949 493 5019 Ν,
510 4947 560 5005 itt.
580 4949 657 5005 1908.
