3210 5354
241 259 281 324 18
824 354 830 364 ι
874 274 942 329 1281

360 438 516 503 Omnibus
555 457 688 521 presens
729 439 881 521 scriptum
922 439 1125 504 cernentibus
1167 439 1373 503 Hermannus
1414 433 1506 499 miles
1546 432 1578 497 de

234 547 366 628 Langen
396 547 441 610 rei
470 549 558 628 geste
589 545 777 610 memoriam
805 547 1043 628 sempiternam.
1087 546 1307 611 Insinuacione
1328 543 1473 627 presenti
1495 541 1577 624 signi·

235 655 305 733 fico,
340 654 427 737 quod
459 672 533 740 cum
566 653 648 718 tilius
680 671 772 718 mens
805 652 1011 718 Hermannus
1044 654 1130 718 riam
1162 651 1375 717 universitatis
1403 652 1517 715 fuisset
1538 648 1576 712 in·

235 780 362 844 gressus
392 762 541 825 dominus
567 761 681 825 Petrus
716 761 819 827 abbas
852 765 885 826 et
917 766 1093 827 conventus
1127 763 1159 825 in
1182 761 1292 843 Yburg
1323 759 1419 824 michi
1453 756 1576 823 caritatis

234 869 425 935 beneficium
447 868 657 950 inpendentes
679 889 742 949 me,
765 889 873 934 meum
897 870 995 934 tilium
1018 874 1235 952 prenotatam,
1261 867 1425 951 Virginem
1447 866 1574 930 relictam

233 979 389 1061 ejusdem,
411 976 547 1041 heredes
569 980 601 1041 et
623 976 786 1042 Elizabeth
809 978 850 1042 de
872 977 1021 1042 Husteria
1042 978 1085 1042 ad
1106 977 1379 1060 participationem
1404 973 1573 1039 orationum

234 1105 365 1151 suarum
387 1088 419 1150 et
440 1083 671 1174 fraternitatem
694 1089 884 1168 perpetuam
906 1089 1107 1168 receperunt.
1129 1085 1280 1149 Preterea
1302 1100 1361 1163 ego
1381 1080 1573 1146 Hermannos

234 1192 326 1258 miles
355 1193 528 1259 accedente
557 1211 716 1257 consensu
747 1196 779 1257 et
810 1192 907 1275 plena
928 1192 1091 1258 voluntate
1113 1192 1240 1274 Virgine
1262 1190 1376 1256 nobilis
1398 1190 1516 1254 lemine
1534 1206 1573 1252 re·

232 1301 304 1366 licte
334 1300 387 1365 filii
417 1299 481 1364 mei
510 1299 652 1382 predicti,
687 1299 852 1381 Gerhardi,
885 1301 1038 1382 Lutberti,
1073 1301 1258 1379 Hermanni
1290 1297 1417 1363 Ludolfl
1446 1301 1478 1362 et
1502 1296 1572 1361 Jolte

231 1408 388 1472 heredum
421 1407 607 1487 eorundem,
644 1408 763 1472 contuli
797 1411 830 1473 et
863 1409 1065 1474 contulerunt
1097 1407 1292 1474 monasterio
1313 1408 1503 1484 memorato,
1533 1422 1572 1468 re·

231 1517 354 1598 signavi
382 1519 415 1580 et
436 1517 647 1581 communiter
679 1516 922 1599 resignaverunt
953 1516 1183 1598 possidendam
1211 1517 1368 1598 perpetuo
1397 1515 1570 1596 pensionem
1599 1506 1601 1543 ¹

231 1643 289 1689 sex
310 1624 485 1688 solidorum
513 1643 585 1688 cum
616 1625 812 1707 proprietate
842 1626 994 1706 ipsorum,
1028 1625 1082 1707 qui
1105 1624 1147 1689 ad
1170 1642 1230 1688 nos
1251 1622 1350 1686 libere
1371 1620 1569 1705 pertinebant

232 1732 286 1813 qui
319 1732 360 1796 de
391 1732 484 1798 bonis
520 1732 757 1797 Scoldenvorde
798 1735 830 1797 in
863 1732 1030 1815 parrochia
1062 1731 1294 1796 Westbereren
1330 1730 1397 1794 silis
1436 1731 1469 1794 in
1502 1728 1567 1792 leste

229 1837 315 1904 beati
338 1837 530 1922 Mychahelis
552 1838 677 1921 prelato
700 1841 870 1905 conventui
891 1841 923 1904 in
946 1840 1055 1921 Yburg
1088 1839 1180 1903 annis
1202 1838 1332 1921 singulis
1353 1837 1434 1903 solvi
1455 1837 1564 1903 dehent

231 1946 275 2010 Ut
307 1951 415 2012 autem
448 1947 631 2028 hujusmodi
663 1947 865 2012 collationem
897 1966 958 2013 nec
991 1967 1160 2031 processus
1189 1947 1343 2029 temporis
1372 1946 1502 2012 abolere
1520 1961 1564 2008 ner

232 2053 388 2118 heredum
411 2072 557 2118 meorum
580 2052 683 2118 valeat
705 2054 882 2136 ignorantia
903 2058 1085 2133 retractare,
1112 2058 1295 2136 presentem
1326 2052 1466 2118 litteram
1486 2067 1562 2133 super

235 2160 348 2224 eadem
361 2161 554 2247 ‚consectam
584 2161 673 2242 sigilli
702 2163 765 2228 mei
796 2163 855 2227 feci
880 2163 1056 2226 munimine
1085 2162 1238 2227 roborari.
1282 2162 1400 2226 Datum
1424 2165 1455 2226 et
1475 2164 1558 2225 acluu

234 2266 351 2348 Yborg
373 2285 459 2332 anno
481 2267 606 2334 Domini
628 2268 906 2350 M⁰CC⁰LXXX⁰L
933 2271 966 2334 in
988 2271 1040 2335 die
1061 2270 1147 2335 beati
1168 2268 1361 2335 Bartolomei
1382 2268 1521 2352 apostoli.
1593 2256 1601 2304 ³

233 2780 286 2848 28.
306 2818 349 2830 —
370 2779 566 2866 olbertum„
590 2781 683 2864 1281,
706 2782 895 2867 §retentet
917 2784 968 2853 1⁷.

400 2922 467 3013 ibie‘
489 2947 606 3029 (broten
633 2947 783 3031 thrittion
815 2947 876 3012 unt
907 2944 982 3012 nnn
1012 2964 1072 3014 non
1094 2946 1271 3030 Dtbenburg
1303 2947 1479 3036 tibettrogen
1505 2945 1558 3012 tm

400 3051 513 3131 titolter
534 3052 650 3132 titrltet
673 3054 729 3120 boa
752 3054 931 3138 otrentum
954 3055 1035 3121 eines
1057 3054 1152 3123 urbes
1174 3055 1207 3122 tn
1228 3053 1434 3141 bengehott,¹)
1460 3052 1557 3134 uelde!

396 3161 484 3244 ibren
507 3161 554 3241 ibt
569 3160 762 3243 betramum
778 3160 878 3229 blitter
896 3160 1054 3244 bernborb
1072 3181 1132 3230 oon
1151 3162 1337 3246 echernan
1360 3164 1492 3249 reignirt
1507 3161 1558 3247 lot

493 3322 569 3392 ssroei
597 3322 761 3394 tibtcbrittcn
790 3324 837 3380 bes
866 3325 907 3379 16.
927 3323 1030 3395 ῧαῐπῑ).
1059 3327 1096 3382 im
1117 3325 1313 3396 &tittssotdrtbe
1331 3325 1439 3399 tibtftel
1465 3321 1562 3397 (hd).

494 3408 581 3468 titud
591 3424 597 3465 ε
617 3410 789 3483 &liberabuntl
807 3410 936 3482 tlettrttge
954 3411 992 3469 6.
1012 3414 1054 3468 78.

356 3556 553 3623 Christianus
586 3562 618 3623 et
644 3560 718 3626 Otto
744 3560 801 3625 Dei
835 3561 936 3643 gratia
968 3560 1101 3626 comites
1133 3561 1166 3623 in
1188 3559 1392 3627 Oldenborch
1427 3561 1566 3629 omnihus
1597 3546 1601 3619 i

225 3662 287 3729 hoc
310 3664 463 3747 scriptum
484 3666 597 3731 visuris
620 3665 756 3732 salutem
781 3669 813 3732 in
834 3668 982 3732 Domino.
1022 3668 1141 3733 Notum
1164 3686 1234 3732 esse
1256 3669 1403 3750 cupimus
1423 3666 1568 3736 unirer&
1599 3661 1601 3667 ’

224 3771 427 3853 presentibus
450 3775 482 3836 et
504 3771 626 3851 futuris,
650 3776 737 3857 quod
759 3795 818 3840 nos
833 3775 874 3840 de
891 3794 1049 3840 consensu
1065 3775 1207 3840 omnium
1223 3774 1380 3840 heredum
1394 3780 1570 3842 nostrorum

223 3877 452 3960 proprietatem
486 3879 602 3945 domus
634 3881 667 3943 in
690 3880 974 3967 Hengelholte‚¹)⁸)
1007 3900 1105 3964 quam
1138 3883 1180 3946 de
1214 3901 1315 3947 manu
1346 3888 1456 3950 nostra
1476 3883 1574 3948 Bero‘

223 3984 344 4049 hardus
377 3985 468 4050 miles
502 3987 603 4053 dictus
625 3989 666 4053 de
687 3987 878 4070 Sebelinghe
911 3988 1003 4054 titulo
1035 3989 1176 4070 homagii
1208 3990 1320 4066 tenuit,
1352 3991 1511 4058 abbatisse
1534 3981 1576 4054 cl

224 4091 395 4156 conventui
417 4094 534 4158 montis
557 4098 666 4160 sancte
687 4095 785 4160 Marie
807 4097 839 4160 in
861 4095 1006 4159 Borstelo
1036 4096 1069 4159 in
1098 4097 1319 4163 remissionem
1351 4103 1518 4181 parentum
1535 4088 1577 4161 εἴ

222 4201 405 4264 nostrorum
439 4203 660 4282 peccaminum
695 4201 885 4267 contulimus
917 4202 1079 4284 perpetuis
1111 4205 1310 4286 temporibus
1337 4207 1578 4288 possidendam·

222 4323 321 4386 quam
342 4306 427 4371 idem
450 4307 654 4373 Bernhardus
686 4308 779 4373 nobis
812 4328 870 4391 per
902 4310 1009 4374 literas
1042 4310 1164 4375 domini
1185 4310 1371 4393 Engelberli
1392 4315 1512 4381 comitis
1527 4308 1576 4378 (1²

222 4411 380 4476 Benthem
415 4414 514 4478 nostri
546 4414 695 4499 sororiit)
727 4415 825 4481 libere
859 4418 1037 4498 resignavit.
1081 4418 1117 4482 ln
1148 4419 1238 4501 cujus
1262 4420 1338 4486 sacti
1359 4423 1574 4490 testimonium

223 4519 345 4584 eisdem
367 4525 534 4603 presentes
556 4521 663 4587 literas
685 4523 834 4588 duximus
858 4525 1090 4590 concedendas.
1134 4524 1248 4591 Testes
1270 4527 1408 4594 aderant
1427 4530 1572 4597 dominu!

221 4626 441 4695 Theodericus
462 4631 642 4712 prepositus
662 4629 703 4695 de
727 4630 968 4710 Wildeshusen;
992 4632 1155 4698 lohannes
1178 4635 1210 4698 et
1232 4633 1440 4705 Hermannus
1461 4638 1566 4704 nano

220 4735 290 4818 ejus
319 4735 394 4802 dicti
425 4737 465 4802 de
486 4737 591 4820 Apen,
623 4737 769 4804 Liborius
800 4743 832 4804 et
858 4738 1011 4825 hiberos)
1043 4739 1157 4806 tratres
1187 4740 1262 4807 dicti
1291 4743 1332 4808 de
1361 4742 1487 4826 Brema,
1513 4738 1560 4807 Μ’

218 4838 344 4909 hannes
375 4842 417 4909 de
447 4842 648 4931 Manlinged)
680 4844 790 4930 Herpo
822 4845 864 4912 de
896 4846 1023 4929 Brema,
1060 4851 1199 4932 quatuor
1229 4848 1346 4919 tratres
1380 4852 1423 4921 de
1453 4838 1547 4926 killed
