3210 5354
661 317 731 372 1282
1324 302 1367 368 33
1443 278 1448 287 ⁸

10 482 196 567 bujusmodi
231 482 409 546 sentencias
443 483 671 547 contumaciter
703 483 889 561 sustineant,
930 486 1046 547 extunc
1086 483 1195 547 civitas
1238 487 1269 547 et
1301 487 1369 548 tota

10 591 159 676 dyocesis
193 589 404 655 ecclesiastico
437 594 637 672 supponatur
668 591 843 658 interdicto.
888 592 920 656 Si
953 595 1061 656 autem
1095 591 1175 656 inira
1209 591 1367 656 civitatem

10 699 115 765 dietus
138 698 311 782 episcopus
332 699 475 781 capiatur
507 718 564 763 seu
598 699 788 779 detineatur,
822 700 909 784 quod
941 700 1033 777 absit,
1070 701 1242 766 monitione
1275 701 1368 764 unius

10 793 72 874 diei
95 808 258 891 premissa
280 810 347 872 tota
368 806 476 872 civitas
498 811 531 871 et
552 808 695 890 dyocesis
725 810 936 874 ecclesiastico
966 810 1164 891 subponatur
1190 810 1366 874 interdictu.

10 917 201 1000 prepositus
233 935 310 981 vero
342 920 374 979 et
406 916 547 980 decanus
578 919 610 980 et
638 916 858 1000 archidyaconi
889 916 1019 1000 quilibet
1046 916 1078 981 in
1101 916 1368 1000 archidyaconatu

10 1045 72 1092 suo
104 1025 210 1090 dictos
244 1023 412 1106 sacrilegos
447 1027 479 1088 et
512 1043 622 1089 eorum
651 1026 821 1109 complices
843 1025 1083 1090 denunciabunt
1105 1043 1162 1088 seu
1184 1024 1368 1089 denunciari

10 1134 132 1200 facient
152 1131 284 1226 simulis
306 1133 419 1198 diebus
442 1132 607 1197 dominicis
630 1138 662 1198 et
683 1134 799 1199 festivis
822 1134 954 1217 pulsatis
977 1133 1141 1216 campanis
1173 1136 1205 1197 et
1227 1133 1368 1197 candelis

10 1242 158 1310 accensis
180 1241 306 1324 publice
328 1241 620 1306 excommunicatos
643 1245 675 1306 et
696 1241 738 1305 ab
760 1244 910 1308 omnibus
932 1242 1030 1307 artius
1053 1243 1229 1310 evitandos.

142 1352 173 1417 d.
195 1349 362 1415 Secundus
382 1348 533 1415 articulus
555 1352 614 1429 est,
637 1350 723 1432 quod
745 1351 772 1414 si
793 1350 907 1434 aliquis
929 1350 1100 1415 canonicus
1114 1349 1245 1414 ecclesie
1260 1354 1368 1415 nostre

12 1461 148 1544 maioris
180 1460 293 1541 captus
324 1457 427 1536 fuerit,
467 1456 641 1523 monitione
678 1459 835 1541 premissa
876 1463 947 1525 octo
981 1460 1104 1524 dierum
1138 1458 1369 1523 celebrabimus

14 1571 123 1636 divina
157 1568 227 1633 sine
258 1569 335 1632 nota
369 1567 401 1631 in
433 1567 532 1632 choro
564 1570 674 1632 nostro
707 1571 747 1647 et,
782 1569 808 1632 si
842 1571 958 1635 extunc
986 1568 1068 1632 inira
1089 1568 1168 1632 alios
1199 1571 1271 1632 octo
1302 1567 1370 1631 dies

13 1679 169 1744 liberatus
200 1694 267 1741 nou
300 1674 402 1755 tuerit,
436 1676 633 1741 cessabimus
664 1695 683 1740 a
712 1675 825 1741 divinis
857 1681 888 1743 et
914 1678 1054 1743 similiter
1077 1677 1193 1741 erimus
1216 1677 1247 1740 in
1271 1675 1368 1758 nigris

17 1791 51 1853 et
70 1788 241 1870 episcopus
270 1787 326 1869 qui
354 1786 447 1851 luerit
475 1804 533 1866 pro
555 1787 702 1867 tempore
724 1805 781 1851 seu
803 1788 994 1870 prepositus,
1028 1786 1169 1850 decanus
1203 1788 1234 1849 et
1266 1784 1369 1848 archi·

19 1895 163 1980 dyaooni‚
194 1894 325 1979 quilibet
347 1894 378 1958 in
400 1891 668 1974 archidyaconatu
690 1913 759 1972 suo,
791 1895 845 1976 qui
873 1914 971 1978 super
992 1895 1053 1959 hoc
1075 1895 1243 1977 requisitus
1267 1893 1369 1970 luerit,

20 2005 177 2089 predictos
210 2021 366 2069 manuum
398 2001 566 2083 injectores
601 2001 780 2083 sacrilegos,
822 2006 969 2085 captores
1002 2022 1059 2067 seu
1092 2003 1275 2067 detentores
1313 2001 1370 2066 de·

24 2111 216 2177 nunciabant
246 2108 373 2193 publice
407 2107 699 2171 excommunicatos
732 2113 762 2172 et
795 2108 837 2172 ab
870 2111 1018 2175 omnibus
1050 2111 1149 2175 artius
1184 2109 1368 2185 evitandos;

29 2221 106 2302 quod
126 2221 153 2284 si
173 2217 357 2301 hujusmodi
386 2214 663 2280 denunciationem
685 2234 743 2297 per
770 2219 842 2281 octo
865 2219 931 2282 dies
954 2220 1061 2283 animo
1090 2219 1297 2283 sustinuerint
1318 2218 1368 2281 in·

31 2328 144 2409 durato,
173 2330 291 2393 extunc
312 2324 442 2408 singulis
464 2323 577 2389 diebus
608 2323 773 2389 dominicis
799 2330 831 2391 et
852 2326 971 2392 festivis
994 2327 1126 2410 pulsatis
1149 2327 1313 2410 campanis
1336 2328 1367 2389 et

35 2436 158 2501 candelis
189 2433 331 2500 accensis
365 2432 597 2523 denuncientur
629 2435 903 2500 excommunicati.
947 2435 986 2500 Et
1017 2438 1043 2500 si
1077 2435 1182 2501 adhuc
1215 2435 1296 2500 ultra
1328 2435 1370 2499 ad

39 2546 95 2608 octo
115 2543 179 2608 dies
200 2540 383 2625 hujusmodi
406 2539 585 2604 sentencias
615 2542 845 2607 contumaciter
876 2544 1064 2624 sustineant,
1097 2563 1137 2608 ex
1170 2547 1246 2607 tunc
1281 2542 1369 2608 locus

42 2654 141 2735 atejus
161 2650 317 2718 suburbia
348 2667 387 2713 ac
419 2648 552 2714 ecclesia
584 2649 616 2712 in
649 2651 738 2733 cujus
769 2652 936 2733 parrochia
958 2654 1075 2718 dictum
1099 2651 1287 2718 canonicum
1310 2652 1368 2716 de·

43 2759 113 2825 lineri
141 2758 307 2843 contigerit
340 2755 552 2823 eeclesiastico
581 2763 781 2841 supponatur
810 2761 985 2838 interdicte,
1018 2761 1160 2826 similiter
1193 2765 1225 2825 et
1257 2760 1367 2824 omnia

44 2864 95 2932 loca
113 2871 151 2935 ad
172 2888 236 2952 que
258 2868 416 2951 predictos
449 2865 617 2948 injectores
650 2887 804 2934 manuum
838 2888 895 2934 seu
928 2869 1097 2951 sacrilegos
1119 2869 1268 2933 devenire
1292 2886 1368 2933 con-

28 2973 132 3058 tigerit,
169 2977 324 3062 quamdiu
357 2976 475 3041 ibidem
507 2976 622 3041 morati
656 2975 780 3056 fuerint,
815 2980 846 3041 et
878 2981 951 3058 post
983 2995 1144 3042 recessum
1180 2994 1292 3041 eorum
1327 2975 1370 3039 ad

48 3083 158 3152 biduum
180 3089 311 3152 careant
333 3084 456 3151 divinis.

144 3198 172 3263 3.
194 3194 327 3260 Tercius
349 3193 499 3258 articulus
521 3194 579 3270 est,
602 3191 689 3274 quod
711 3192 737 3256 si
759 3192 929 3258 eanonicus
955 3191 1083 3256 alterius
1105 3190 1247 3271 ecclesie,
1276 3210 1368 3273 pres·

47 3295 104 3367 biler
122 3324 177 3370 seu
198 3303 331 3370 clericus
353 3302 536 3385 quicunque
558 3303 670 3383 captus
693 3300 785 3366 tuerit
807 3301 855 3366 vel
878 3301 1026 3365 detentus
1048 3300 1081 3364 in
1102 3303 1212 3364 nostra
1228 3300 1364 3383 dyocesi,

48 3414 207 3487 praedatur
240 3432 300 3495 pro
333 3430 382 3488 eo,
416 3404 512 3494 prout
537 3411 604 3493 jam
637 3410 855 3492 supradictum
882 3413 931 3474 est
952 3411 983 3474 in
1006 3409 1152 3492 proximo
1174 3408 1307 3474 articulo
1330 3429 1370 3474 eo

49 3525 164 3604 excepto,
190 3520 277 3604 quod
309 3538 374 3584 non
397 3519 593 3584 cessabimus
623 3536 643 3582 a
674 3518 787 3583 divinis
810 3519 840 3582 in
862 3517 960 3584 choro
982 3522 1101 3598 nostro,
1130 3517 1191 3583 nisi
1211 3518 1273 3584 hoc
1295 3537 1370 3602 spe·

50 3623 140 3694 cialiter
161 3629 350 3711 elegerimus
375 3626 566 3692 faciendum.

146 3738 176 3804 4.
199 3736 340 3815 Quartus
362 3736 512 3801 articulus
535 3738 592 3814 est,
618 3734 705 3817 quod
727 3734 753 3798 si
775 3735 871 3818 aliqui
894 3735 1057 3818 injecerint
1078 3753 1193 3800 manus
1215 3735 1370 3800 violentas

51 3835 224 3931 uotiquem
257 3845 298 3910 de
331 3844 490 3909 canonicis
522 3844 638 3908 nostris
673 3861 731 3907 seu
763 3843 891 3907 alterius
924 3842 1054 3908 ecclesie
1081 3843 1293 3925 presbiterum
1320 3841 1369 3908 vel

52 3945 167 4021 lledcum
190 3972 439 4038 quemcumque,
473 3953 646 4018 monitione
668 3953 824 4034 premissa
846 3951 1027 4034 quindecim
1051 3952 1185 4032 dierum,
1222 3956 1257 4016 ut
1278 3952 1371 4016 satis·

52 4051 148 4144 fidam,
188 4066 305 4128 extunc
346 4061 472 4144 publice
513 4060 744 4125 denuncieutur
786 4059 1050 4126 excommunicati
1082 4063 1114 4124 et
1146 4061 1188 4125 ab
1222 4060 1371 4125 omnibus

52 4166 279 4238 ermentrudi
301 4189 360 4254 per
381 4170 575 4252 episcopum,
598 4171 831 4256 prepositumf)
859 4172 1018 4235 decanum
1050 4174 1080 4234 et
1110 4170 1370 4254 archidyaconos,

54 4272 154 4350 quibet
175 4281 208 4345 in
230 4278 498 4362 archidyaconatu
529 4297 589 4342 suo
620 4281 649 4342 et
680 4297 699 4343 a
722 4297 786 4362 quo
808 4279 857 4343 vel
879 4298 899 4343 a
922 4279 1037 4360 quibus
1059 4278 1245 4360 requisitum
1268 4279 1370 4357 luerit,

10 4470 13 4479 Ι
55 4385 115 4457 i⁰⁰d
133 4389 157 4453 si
177 4387 361 4471 hujusmodi
390 4386 726 4452 excommunicationis
758 4387 954 4451 sentenciam
986 4405 1044 4468 per
1076 4385 1156 4450 alios
1190 4387 1369 4469 quindecim

10 4494 15 4573 t
54 4481 101 4556 tia
115 4496 338 4563 contumaciter
359 4494 573 4573 sustinuerint,
596 4498 712 4559 extunc
735 4493 863 4574 singulis
886 4494 998 4560 diebus
1013 4494 1177 4559 dominicis
1194 4498 1226 4559 et
1242 4494 1371 4572 iestIvIs,

55 4595 155 4671 illatis
175 4605 341 4689 campanis
363 4607 395 4668 et
417 4602 558 4668 candelis
589 4603 731 4668 accensis
762 4604 993 4669 denuncientur
1015 4603 1289 4669 excommunicati.
1333 4602 1372 4667 lit

56 4699 164 4780 liultra
196 4714 240 4780 ad
273 4713 469 4797 quindenam
503 4711 682 4777 sustineant
713 4712 821 4777 animo
854 4711 1012 4792 indurato,
1047 4713 1135 4777 locus
1168 4711 1223 4777 ubi
1257 4711 1372 4775 morati

57 4801 284 4906 tentetque
306 4819 460 4886 suburbia
482 4820 694 4886 ecclesiastico
722 4823 944 4903 supponantur
973 4820 1138 4886 interdicto
1166 4824 1196 4886 et
1218 4819 1297 4899 loca,
1330 4820 1373 4885 ad

92 4938 367 5001 erementanos
381 4945 421 4990 rv.
1137 4933 1159 4998 3
