3210 5354
148 279 193 343 34
786 295 856 351 1282

148 480 338 544 quecunque
360 461 556 540 devenerint,
587 460 742 544 quamdiu
765 461 882 526 ibidem
904 460 1032 540 luerint,
1055 463 1088 526 et
1109 463 1183 544 post
1204 478 1370 527 recessum

147 572 190 636 ad
210 569 351 636 triduum
372 573 503 635 careant
523 569 647 634 divinis

273 681 303 745 5.
326 678 463 757 Quintus
483 677 634 743 articulus
656 681 715 756 est,
748 676 835 759 quod
866 679 891 740 si
914 677 1011 760 aliqui
1034 679 1243 744 emunitatem
1265 683 1383 746 nostra

147 789 179 853 in
202 787 335 853 ecclesia
355 786 422 850 sive
442 786 475 850 in
496 786 620 851 ambitu
651 786 718 849 sive
755 786 787 849 in
816 785 900 849 areis
929 786 1151 851 claustralibus
1172 788 1369 870 infregerint,

146 897 233 961 tione
253 897 349 960 trium
370 894 493 960 dierum
526 894 691 959 siluerint
713 895 753 960 de
775 895 911 974 civitate,
944 899 1018 960 octo
1050 895 1174 961 diemm
1207 899 1234 961 si
1263 898 1382 963 tuerint

145 1005 315 1079 civitatem,
337 1003 502 1085 premissa,
523 1005 635 1069 sinon
648 1003 869 1083 satisfecerint,
892 1005 1208 1071 excommunicentur
1221 1009 1254 1070 et
1266 1007 1383 1072 denum

145 1132 204 1197 per
225 1115 410 1197 episcopum
431 1115 482 1178 vel
503 1115 712 1197 prepositum,
747 1114 903 1178 decanum
940 1114 990 1178 vel
1012 1113 1272 1197 archidyaconus,
1308 1115 1383 1198 quill

145 1222 414 1305 archidyaconatu
431 1241 501 1302 suo,
523 1227 555 1287 et
576 1242 596 1287 a
618 1241 811 1305 quocunque
831 1223 1047 1305 predictorum
1069 1224 1255 1306 requisitum
1279 1222 1383 1303 fuerit,

144 1330 375 1414 sihujusmodi
396 1332 731 1397 excommunicationis
752 1332 949 1396 sentenciam
977 1351 1036 1414 per
1067 1336 1140 1397 ocio
1169 1332 1237 1396 dies
1266 1336 1383 1398 cuntur

143 1441 359 1517 sustinuerint,
393 1444 510 1506 extunc
541 1440 672 1522 singulis
703 1440 817 1504 diebus
851 1440 1016 1505 dominicis
1049 1442 1081 1504 et
1102 1441 1219 1506 festivis
1251 1440 1383 1523 pulsatis

142 1550 234 1632 panis
255 1554 288 1614 et
307 1549 449 1614 candelis
469 1550 611 1613 accensis
632 1549 865 1614 denuncientur
887 1549 1169 1624 excommunicati3
1204 1554 1236 1613 et
1265 1549 1293 1612 si
1322 1548 1383 1613 adh

143 1661 216 1723 octo
247 1657 316 1721 dies
347 1657 563 1725 sustinuerint.
584 1659 693 1723 animo
727 1658 886 1734 indurato,
922 1662 1038 1722 extunc
1075 1677 1160 1722 nova
1190 1661 1223 1723 et
1255 1661 1349 1722 vetus

143 1766 400 1850 Osnaburgensis
420 1786 459 1833 ac
480 1769 711 1833 monasterium
734 1771 843 1832 sancte
865 1765 1051 1831 Gerthrudis
1071 1766 1175 1831 eidem
1202 1767 1320 1831 civitati
1342 1766 1383 1842 ad

142 1874 355 1940 ecclesiastico
376 1878 634 1962 supponamus)
667 1877 835 1942 interdicto
867 1880 899 1940 et
927 1874 1069 1939 similiter
1097 1876 1205 1940 omnia
1232 1875 1313 1954 loca,
1344 1876 1383 1939 ad

142 2003 269 2068 cunque
291 1985 486 2063 devenerint,
520 2004 617 2067 quam
652 1986 706 2050 diu
738 1985 855 2050 ibidem
889 1984 1016 2061 luerint,
1049 1987 1081 2047 et
1102 1987 1175 2065 post
1196 2001 1383 2047 recessum*

141 2092 184 2157 ad
205 2093 344 2157 triduum
367 2095 498 2157 careant
519 2094 643 2159 divinis.

268 2203 298 2268 6.
320 2200 437 2266 Sextus
458 2201 608 2268 articulus
630 2207 689 2281 est,
711 2202 798 2286 quod
820 2202 846 2265 si
868 2200 966 2283 aliqui
988 2201 1121 2278 nobles,
1155 2200 1383 2278 ministeriales,

141 2309 405 2390 Osnaburgenses
437 2329 495 2374 seu
527 2311 577 2375 alii
611 2313 829 2395 cujuscunque
862 2310 978 2374 tuerint
1011 2309 1198 2375 conditionis
1237 2311 1269 2372 iu
1302 2308 1383 2373 rebu

138 2420 231 2484 bonis
253 2419 510 2503 epischopalibus
539 2420 582 2485 ad
604 2437 750 2497 mensam
774 2418 914 2502 episcopi
937 2418 1194 2500 Osnaburyensis
1225 2418 1279 2500 qui
1311 2417 1383 2481 iuer

138 2532 285 2612 tempore
306 2531 525 2612 spectantibus
547 2549 605 2612 per
627 2528 818 2606 incendium,
840 2529 998 2610 rapinam,
1024 2528 1222 2591 exactionem
1244 2545 1304 2591 seu
1325 2526 1383 2591 aliu

139 2658 265 2721 cunque
297 2639 395 2703 modo
428 2639 615 2721 dampnum,
648 2636 795 2719 injuriam
825 2655 883 2700 εει]
904 2635 1091 2701 violenciam
1116 2635 1254 2712 iecerint,
1288 2654 1383 2701 mone

138 2750 174 2811 ut
194 2746 275 2811 inira
296 2749 369 2810 octo
390 2746 458 2810 dies
480 2745 684 2823 satistaciant,
715 2743 855 2825 alioquin
885 2747 1003 2808 extunc
1033 2744 1352 2808 excommunicentur
1382 2778 1383 2796 ι

137 2854 328 2919 nuncientur
349 2872 408 2936 per
431 2852 616 2935 episcopum
639 2851 959 2936 Osuaburgensemh)
985 2852 1035 2917 vel
1058 2852 1254 2934 prepositum
1277 2851 1383 2915 decan*

136 2961 387 3045 archidyaconus
420 2962 446 3025 si
480 2962 694 3025 necessarium
727 2960 890 3036 videatur,
923 2963 956 3024 et
987 2962 1013 3024 si
1041 2961 1083 3025 ad
1113 2965 1186 3025 octo
1216 2960 1286 3024 dies
1308 2959 1383 3043 huju

137 3071 317 3134 sentencias
337 3071 567 3135 contumaciter
588 3070 803 3147 sustinuerint,
836 3071 952 3134 extunc
984 3069 1114 3151 singulis
1137 3069 1250 3135 diebus
1271 3069 1381 3134 domin

139 3179 255 3243 festivis
277 3179 410 3260 pulsatis
430 3179 595 3261 campanis
621 3181 654 3241 et
680 3177 821 3241 candelis
843 3178 985 3241 accensis
1007 3178 1239 3241 denuncientur
1269 3197 1381 3243 excom

137 3288 208 3353 cati.
252 3286 291 3349 u
321 3287 347 3350 si
377 3286 483 3351 adhuc
508 3287 551 3351 ad
572 3285 652 3351 alios
674 3292 746 3350 octo
779 3286 847 3350 dies
880 3286 1040 3368 predictas
1072 3287 1251 3350 sentencias
1285 3287 1383 3351 sustin

136 3395 244 3457 animo
276 3394 434 3472 indurato,
468 3398 584 3458 extunc
617 3395 714 3473 locus,
749 3397 780 3459 in
803 3413 868 3477 quo
890 3394 1004 3458 morati
1026 3394 1140 3458 tuerint
1168 3398 1200 3458 et
1221 3394 1264 3458 ad
1287 3414 1382 3477 quem

134 3501 237 3582 spotia
256 3503 505 3586 pervenerunti)
527 3506 559 3565 et
581 3505 650 3585 ejus
671 3503 825 3568 suburbia
847 3503 1058 3567 ecclesiastico
1080 3507 1303 3586 supponantur
1324 3505 1383 3569 inte

136 3611 167 3672 et
189 3607 330 3671 similiter
343 3609 451 3674 omnia
465 3608 545 3689 loca,
568 3610 610 3674 ad
628 3629 820 3694 quecunque
834 3608 1029 3688 devenerint,
1052 3611 1205 3692 quamdiu
1223 3610 1342 3675 ibidem
1362 3611 1383 3675 h

139 3719 264 3798 etpost
285 3736 447 3782 recessum
470 3738 582 3783 eorum
604 3719 647 3783 ad
668 3719 808 3784 triduum
832 3723 963 3783 careant
985 3717 1108 3782 divinis.

263 3825 293 3890 7.
315 3824 477 3907 Septimus
508 3826 658 3891 articulus
688 3830 745 3905 est,
781 3826 868 3910 quod
900 3828 925 3890 si
959 3825 1057 3909 aliqui
1090 3827 1223 3907 nobiles
1256 3829 1383 3893 ministe

136 3934 220 3997 cives
235 3931 500 4015 Osnaburgenses
521 3955 579 3999 seu
601 3936 651 3999 aiii
674 3938 892 4019 quuscunque
914 3936 1030 4000 luerint
1052 3937 1239 4002 conditionis
1262 3939 1293 4002 in
1316 3939 1383 4004 bon

136 4041 233 4106 rebus
254 4043 455 4124 prepositure
477 4047 584 4108 nostre
607 4044 694 4128 velt)
721 4044 973 4110 obedientiarum
996 4064 1054 4110 seu
1076 4047 1108 4109 in
1130 4045 1222 4110 bonis
1245 4048 1383 4129 quibusu

136 4152 177 4214 ad
199 4151 522 4216 amministracionem
556 4153 794 4234 prebendarum
828 4154 958 4218 ecclesie
991 4158 1100 4218 nostre
1134 4153 1183 4218 vel
1215 4155 1257 4219 ad
1286 4155 1383 4238 alique

137 4259 295 4322 canonicis
318 4258 435 4323 nostris
458 4278 650 4343 quocunque
683 4261 744 4324 alio
771 4261 843 4341 jure
865 4260 1082 4343 spectantibus
1104 4261 1261 4342 rapinam,
1296 4264 1383 4328 incen

136 4366 336 4430 exactionem
368 4386 425 4430 seu
455 4367 517 4430 alio
540 4387 732 4451 quocunque
763 4369 860 4433 modo
893 4369 1039 4452 injuriam
1062 4388 1120 4432 seu
1141 4369 1325 4434 violentiam
1347 4371 1383 4435 se

136 4473 250 4538 nobilis
283 4473 324 4537 ad
348 4474 553 4556 quindenam,
584 4476 710 4562 ceteri¹)
742 4478 784 4542 ad
806 4480 878 4542 octo
900 4478 967 4542 dies
989 4481 1192 4555 moneantur,
1226 4483 1261 4543 ut
1283 4479 1383 4545 satisla

136 4581 277 4662 alioquin
299 4582 616 4648 excommunicentur
635 4589 670 4648 et
688 4585 921 4650 denuncientur
934 4605 993 4669 per
1005 4587 1191 4669 episcopum
1203 4585 1383 4669 Osnaburgc

136 4686 187 4751 vei
209 4689 416 4770 prepositum,
449 4690 606 4754 domnum
637 4696 669 4757 et
702 4693 963 4778 archidyaconus
996 4694 1129 4778 quilibet
1161 4695 1193 4760 in
1216 4695 1383 4780 archidyac

136 4814 206 4873 suo,
238 4798 271 4861 et
291 4814 312 4862 a
333 4815 400 4879 quo
420 4796 472 4862 vel
492 4816 514 4863 a
534 4799 652 4883 quibus
672 4820 693 4867 a
715 4821 812 4887 passo
833 4804 979 4887 injuriam
1001 4804 1188 4886 requisitum
1211 4802 1305 4869 tuerit
1327 4824 1365 4870 ac

135 4901 294 4970 videbitur
323 4905 486 4989 expedire,
517 4910 548 4971 et
571 4909 596 4972 si
618 4928 677 4992 per
699 4911 880 4994 quindecim
911 4911 979 4977 dies
1004 4912 1184 4979 sentencias
1203 4911 1383 4999 hujusmodi
