3210 5354
136 290 202 357 362
771 308 841 363 1299

136 473 229 538 nobis
250 472 436 541 Thidcricus
458 474 640 542 scolasticus
673 479 780 541 nostre
812 473 943 540 ecclesie
971 472 1227 539 obedienciarius
1250 472 1281 537 in
1304 472 1450 556 Lymberp

135 585 210 647 ante
242 587 383 649 nostram
415 585 614 668 presenciam
647 583 835 649 constitutus
857 582 990 648 sollicite
1018 581 1226 647 considerans
1248 581 1451 663 infrascriptam

135 692 408 773 permutacionern
431 694 514 758 dicte
537 692 667 757 ecclesie
690 695 798 757 nostre
820 692 887 756 fore
910 690 1121 774 multipliciter
1142 689 1350 767 fructuosam,
1377 689 1453 772 petita

136 804 168 864 et
190 800 322 866 obtenta
344 819 440 884 super
460 801 522 867 hcc
544 801 860 866 nostraauctoritate
892 804 923 865 et
943 800 1072 864 licencia
1094 797 1233 881 speciali,
1269 799 1454 864 consensuri

135 909 297 975 voluntate
319 911 417 976 nostri
439 910 565 994 capituli
587 910 807 975 nichilominus
829 908 1001 974 accedente
1024 906 1111 972 dedit
1141 909 1173 970 et
1195 905 1387 988 permutavit
1400 907 1453 987 jure

135 1018 264 1101 proprio
287 1019 318 1082 in
339 1022 530 1101 perpetuum
552 1018 620 1084 viro
642 1018 775 1102 provido
797 1036 835 1082 ac
856 1016 992 1083 honesto
1014 1013 1148 1081 Ludolio
1171 1014 1257 1081 dicto
1280 1013 1370 1080 Hake
1389 1013 1455 1078 militi

135 1145 194 1209 pro
215 1145 250 1190 se
273 1130 304 1190 et
337 1127 401 1191 suis
433 1126 606 1193 heredibus
637 1127 718 1191 inira
751 1126 867 1190 notatis
899 1123 1060 1207 recipienti
1092 1123 1174 1188 duas
1207 1123 1325 1190 domos
1350 1123 1417 1187 sitas
1434 1123 1455 1186 in

136 1231 381 1319 Holenberge,¹)
404 1253 467 1317 que
489 1234 530 1298 ad
553 1236 650 1318 ipsius
675 1285 682 1298 .
705 1285 712 1300 .
736 1232 892 1298 scolastici
914 1232 1129 1298 obedientiam
1153 1233 1184 1297 in
1206 1232 1384 1316 Lymberge
1401 1249 1456 1313 pre
1486 1230 1488 1239 '

134 1346 252 1409 tactam
275 1343 477 1426 pertinebant
488 1363 561 1408 cum
575 1342 767 1422 hominibus,
789 1342 953 1424 mancipiis
975 1343 1040 1406 sive
1055 1343 1163 1421 servis,
1186 1341 1338 1406 omnibus
1355 1338 1456 1423 junbus

135 1454 168 1515 et
201 1451 396 1533 pertinentiis
429 1452 604 1516 earundem
638 1471 696 1535 pro
729 1452 896 1518 advocatia
929 1452 1044 1516 domus
1074 1453 1139 1515 sive
1161 1449 1269 1516 allodii
1292 1447 1456 1531 coeunti

136 1557 306 1640 vulgariter
327 1561 499 1642 nuncupati
521 1562 614 1643 positi
637 1563 668 1625 in
691 1561 876 1646 Mersnen⁸)
910 1561 951 1624 ad
986 1579 1077 1626 suam
1100 1560 1317 1626 obedientiam
1339 1558 1457 1623 similitu

135 1666 321 1748 pertinentis
344 1671 376 1732 et
399 1687 456 1751 pro
479 1687 552 1733 casa
575 1669 634 1733 sita
657 1669 687 1733 in
710 1667 970 1754 Schyrenbeke')
1003 1686 1102 1733 unum
1126 1666 1276 1733 molcium
1298 1687 1396 1732 avene
1414 1684 1457 1749 per

135 1774 297 1840 dimidiam
320 1795 504 1841 mensuram
527 1781 558 1840 et
580 1777 748 1842 duodecim
772 1778 919 1843 denarios
946 1798 1005 1861 pro
1027 1795 1136 1842 annua
1158 1777 1317 1859 pensione
1337 1775 1456 1841 solvente

134 1901 199 1948 una
221 1903 293 1950 cum
316 1885 448 1950 muliere
470 1890 501 1949 et
522 1886 629 1969 pueris
651 1887 725 1966 suis,
749 1886 801 1970 qui
823 1887 865 1951 ad
888 1886 1006 1952 dictam
1028 1904 1136 1950 casam
1158 1884 1320 1967 pertinere
1341 1902 1457 1950 noscun-

135 1995 196 2058 tur.
245 1991 333 2070 Quas
367 1992 483 2059 scilicet
516 1994 726 2072 advocatiam,
760 2013 868 2060 casam
902 1998 934 2059 et
966 1994 1131 2058 mulierem
1166 2011 1232 2058 una
1267 2011 1341 2057 cum
1372 1990 1457 2075 puen‘s

135 2099 232 2183 ipsius
254 2100 411 2183 predictas
433 2103 610 2168 antedictus
632 2104 784 2170 Ludolfus
806 2123 878 2168 cum
901 2122 1060 2168 consensu
1087 2107 1119 2168 et
1141 2121 1295 2185 expressa
1318 2102 1457 2167 voluntate

135 2209 243 2274 uxoris
264 2228 331 2289 sue,
362 2210 495 2290 Ludolh,
531 2210 679 2291 Conradi,
712 2212 869 2278 Lodewici
899 2215 930 2276 et
951 2210 1104 2276 lobannis
1137 2227 1314 2292 puerorum
1348 2226 1457 2274 suorum

135 2317 252 2382 ibidem
275 2318 512 2401 presencialiter
534 2320 740 2386 existencium
773 2321 860 2386 dedit
890 2323 921 2385 et
952 2319 1082 2385 tradidit
1104 2320 1176 2402 jure
1197 2320 1328 2403 proprio
1350 2319 1379 2383 in
1399 2335 1456 2401 per·

135 2429 266 2509 potuum
289 2427 349 2510 ipsi
371 2426 570 2515 Th(iderico)
603 2430 769 2496 scolastico
802 2450 861 2514 pro
893 2448 928 2494 se
950 2431 982 2493 et
1002 2427 1068 2492 suis
1090 2427 1329 2493 successoribus
1350 2443 1457 2510 permu-

134 2536 261 2601 tationis
282 2537 384 2622 tytulo
401 2539 562 2621 recipienti
579 2539 621 2604 ad
633 2539 830 2617 habendum,
852 2538 1026 2603 tenendum
1039 2535 1271 2619 possidendum
1285 2540 1317 2602 et
1329 2532 1455 2621 quicquid

134 2646 194 2711 sibi
216 2651 271 2712 aut
293 2646 357 2713 suis
380 2647 616 2713 successoribus
639 2647 789 2730 deinceps
811 2646 967 2730 placuerit
988 2649 1144 2728 perpetuo
1167 2644 1358 2712 iaciendum.
1397 2643 1455 2708 Prc

136 2758 223 2820 terea
256 2756 418 2838 predictus
452 2755 633 2840 liudolfus)
665 2755 810 2839 promisit
842 2774 876 2819 se
909 2754 1065 2819 iacturum
1098 2757 1130 2817 et
1163 2757 1358 2833 curaturum,
1388 2748 1455 2836 quod

133 2861 247 2928 nobilis
269 2864 317 2928 vir
337 2864 487 2930 dominus
509 2864 667 2931 Rodolius
690 2864 730 2929 de
752 2862 919 2945 Dephclte,
952 2882 972 2928 a
994 2882 1058 2946 quc
1080 2862 1167 2928 idem
1189 2862 1372 2948 L(udolfus)
1400 2878 1455 2944 pre

133 2970 250 3037 dictam
273 2976 360 3037 tenet
382 2974 587 3038 advocaciam
621 2974 652 3037 in
686 2973 828 3051 feudum,
863 2972 944 3038 dicte
977 2973 1203 3054 permutationi
1235 2972 1410 3038 consenciat
1435 2970 1456 3031 et

134 3098 230 3143 omne
249 3082 311 3163 jus,
345 3081 431 3162 quod
455 3083 486 3144 in
509 3082 623 3145 eadem
645 3081 765 3146 habere
788 3082 959 3145 dinoscitur
981 3081 1160 3161 advocacia,
1192 3083 1409 3165 prenominato
1429 3125 1457 3142 ..

135 3187 300 3254 scolastico
323 3193 354 3252 et
376 3193 486 3254 nostro
508 3188 645 3271 capitulo
678 3188 821 3272 predicto
854 3188 951 3253 libere
985 3189 1158 3272 resignabit
1190 3209 1289 3272 super
1321 3189 1381 3256 hoc
1399 3202 1459 3252 suas

132 3296 251 3360 litteras
273 3300 421 3379 patentes
444 3317 502 3361 suo
525 3297 787 3379 sigillomunitas
809 3297 942 3363 fideliter
965 3317 1184 3364 concessurus.
1217 3297 1257 3363 ut
1278 3318 1337 3364 nos
1359 3294 1462 3381 [iude

134 3404 246 3489 wicus)
268 3405 436 3488 episcopus
458 3405 658 3488 supradictus
675 3407 903 3489 proprietatem
921 3425 994 3470 case
1008 3407 1173 3490 prelibate,
1197 3425 1296 3489 quam
1319 3407 1465 3490 sepefatus

132 3511 314 3596 L(ud0lfus)
341 3518 491 3579 anostra
524 3533 622 3579 manu
654 3513 785 3577 tenebat
818 3513 849 3576 in
883 3513 1025 3593 seudum,
1059 3515 1276 3580 concessimus
1309 3514 1466 3580 liberaliter

133 3624 242 3686 nostro
264 3621 400 3704 capitulo
425 3627 611 3689 memorato.
655 3622 738 3686 Nam
762 3621 892 3686 evidens
916 3623 1031 3687 utilitas
1055 3626 1086 3687 et
1109 3623 1314 3690 commodum
1337 3644 1394 3708 per
1413 3624 1467 3688 hoc

133 3735 241 3794 nostre
264 3730 394 3794 ecclesie
428 3735 459 3794 et
492 3729 730 3809 obedientiario,
765 3732 817 3813 qui
853 3750 912 3813 pro
945 3735 1089 3814 tempore
1111 3731 1216 3810 fuerit,
1241 3734 1467 3815 pernecessarie

134 3840 321 3917 procuratur
343 3837 468 3914 scilicet,
492 3841 525 3901 ul
548 3838 590 3901 ab
613 3839 757 3903 advocati
774 3837 915 3903 molestis
932 3840 1068 3920 angariis
1090 3840 1251 3907 liberetur.
1283 3842 1319 3906 In
1343 3859 1468 3926 quorum

134 3946 276 4009 omnium
299 3945 513 4009 testimonium
548 3964 679 4027 presens
712 3947 862 4029 scriptum
896 3951 1007 4011 nostro
1041 3948 1140 4030 sigillo
1168 3966 1329 4015 unacum
1353 3949 1469 4034 capituli

133 4052 241 4130 nostri,
264 4051 448 4136 Th(iderici)
470 4053 624 4118 scolastici
647 4058 679 4118 et
701 4052 824 4118 Ludclii
847 4055 1060 4135 predictorum
1084 4056 1189 4138 sigillis
1215 4059 1369 4141 jussimus
1389 4079 1469 4126 com·

133 4160 258 4224 inuniri.
301 4159 417 4225 Datum
452 4179 538 4225 anno
561 4162 687 4226 Domini
710 4160 829 4226 Μ’)(ῙΟ0
863 4165 1070 4245 nonagesimo
1101 4184 1197 4242 nono,
1232 4169 1370 4233 crastino
1392 4169 1469 4234 beati

133 4267 301 4333 Michaelis.
346 4271 461 4333 Actum
485 4271 688 4352 presentibus
710 4271 949 4336 honorabilibus
984 4275 1055 4337 viris
1086 4275 1223 4340 dominis
1244 4273 1383 4358 Hugone
1403 4296 1469 4359 pre·

132 4377 247 4460 posito,
280 4377 464 4443 Everhardo
487 4379 619 4457 decano,
653 4380 796 4444 Arnoldo
819 4385 949 4444 cantore
983 4386 1013 4444 et
1035 4380 1182 4446 iohanne
1205 4379 1295 4447 Unco
1318 4383 1468 4449 canonicis

133 4487 263 4551 ecclesie
286 4486 558 4568 Osnaburgensis3
582 4486 760 4553 Ererhardo
779 4488 819 4553 de
836 4487 1050 4571 Varendcrpe,
1074 4488 1283 4555 Helenrberto
1305 4490 1348 4555 de
1368 4491 1466 4567 Horsi,

133 4591 300 4660 Tlu'derico
322 4594 495 4678 Stempelle
518 4599 549 4660 et
571 4595 697 4661 Libcrio
720 4598 760 4661 de
782 4596 865 4661 Alen
887 4596 1036 4661 militibus
1067 4599 1099 4661 et
1121 4597 1189 4662 aliis
1211 4619 1311 4682 quam
1333 4601 1466 4684 pluribus

132 4701 195 4766 fide
217 4702 361 4788 dignis.¹’)

258 4835 307 4902 ito
329 4835 410 4903 einer
432 4834 652 4921 uustmigcnn
685 4835 747 4911 sint
780 4833 826 4902 bic
858 4836 921 4903 ciet
945 4834 1052 4920 cinei
1086 4841 1139 4922 put
1172 4835 1318 4922 clotten,
1349 4856 1391 4906 cn
1416 4839 1464 4905 ben

132 4941 232 5010 teitan
255 4944 384 5011 ontetcn
406 4961 466 5011 nct
488 4962 553 5027 auin
575 4943 682 5028 ffteit:
718 4941 752 5025 l)
773 4940 830 5008 bos
851 4941 903 5010 bec
925 4942 1059 5027 hilduto
1081 4943 1137 5011 orit
1158 4942 1340 5033 lttm’tepeh
1362 4947 1396 5032 2)
1413 4944 1462 5013 tes
