3210 5354
136 303 180 368 86
771 314 840 370 1284

133 480 204 550 130.
228 522 267 532 -
290 481 480 563 beronici,
503 481 598 562 1284,
619 478 706 560 nuri
729 479 780 551 lo.

301 637 416 722 bilibri
438 636 560 704 ttonrcb
582 653 641 702 oon
662 634 835 704 assantur
857 636 917 705 unt
940 638 1050 724 brool
1063 642 1190 729 bubulo
1212 662 1271 714 uon
1286 644 1426 728 Θιξςιῇιι

302 747 447 815 betunben
479 746 533 814 ben
562 744 711 830 ltetgtcict
743 745 875 830 potietur
903 747 1029 817 diabobo
1063 769 1123 820 oon
1152 753 1380 838 nmmngbnm
1405 770 1426 817 ιι

297 856 393 939 betica
415 854 656 940 &detegentem
689 853 841 935 cincticite
875 856 936 923 unt
969 858 1033 925 ben
1066 877 1126 928 oon
1157 861 1248 946 tbnen
1270 863 1426 930 cemento

298 966 359 1033 nob
392 964 477 1048 turcl)
509 964 546 1043 ire
578 964 639 1030 unt
669 962 715 1031 bic
737 963 883 1032 &cantor
912 964 964 1032 bes
987 967 1107 1051 broten
1127 988 1188 1037 oon
1211 970 1426 1055 fficdtenbutnr

300 1074 459 1159 idetigtcn
489 1072 679 1142 oenobtttdct
700 1072 821 1157 {turpet
850 1070 986 1157 briostel)
1008 1093 1067 1143 oon
1090 1076 1332 1164 litetcttnpborpe
1359 1078 1426 1147 culn

301 1182 388 1263 trite:
421 1182 458 1261 ire
490 1181 579 1263 tollen
601 1180 822 1264 &debenesire
854 1181 964 1264 triten,
999 1185 1126 1271 lltietbe
1147 1186 1292 1271 [butten
1322 1188 1381 1256 unt
1405 1205 1426 1270 p

303 1291 445 1376 uintoqct
466 1288 657 1373 cernitidrtctc
678 1289 805 1375 aarum
828 1289 935 1370 ictlcn

397 1438 542 1511 Eripiunt:
562 1437 746 1509 &reiterentu

261 1575 327 1642 Nos
361 1574 528 1640 Conradus
561 1572 618 1638 Dei
654 1573 753 1655 gretia
791 1573 921 1639 ecclesie
949 1575 1207 1658 Osnaburgensis
1238 1577 1400 1663 episcopus

132 1685 318 1750 Lodevvicus
339 1684 519 1765 prepositus
540 1682 671 1747 ecclesie
693 1683 794 1748 sancti
814 1681 966 1748 Johannis
988 1683 1132 1767 ejusdem
1154 1684 1214 1751 loci
1237 1687 1384 1753 omnibus
1402 1706 1426 1769 pv

134 1793 236 1858 sentia
257 1793 368 1857 visuris
390 1792 538 1857 noticiam
561 1791 604 1854 rei
626 1792 724 1872 geste.
768 1790 836 1855 Hec
866 1795 914 1855 est
942 1791 1130 1876 compositio
1160 1795 1246 1859 inter
1267 1795 1426 1861 Rabodonr

132 1902 251 1966 dictum
281 1901 322 1966 de
344 1898 578 1981 immingdorpe
608 1901 639 1962 et
660 1896 826 1982 Mathyam
858 1900 955 1982 ipsius
981 1920 1134 1984 generum
1167 1902 1308 1968 famulos
1330 1924 1368 1969 ex
1386 1921 1426 1985 par

131 2029 195 2074 una
218 2014 249 2075 et
270 2010 452 2075 Heinricum
484 2007 606 2071 dictum
640 2005 680 2070 de
702 2006 960 2092 Metelingdorpe
993 2011 1093 2074 civem
1125 2008 1402 2094 Osnaburgensem

132 2119 233 2183 altera
266 2136 362 2201 super
395 2114 560 2193 discordia,
595 2132 657 2197 que
690 2115 771 2179 inter
803 2116 888 2197 ipsos
921 2116 1115 2196 vertebatur,
1154 2118 1248 2185 nobis
1281 2120 1426 2205 presentib

133 2226 289 2291 ordinata.
332 2225 412 2289 Dicti
434 2223 572 2289 Rabodo
595 2225 627 2288 et
648 2221 794 2306 Mathyas
816 2224 939 2290 dabunt
961 2223 1108 2290 Heinrico
1134 2227 1260 2309 pretato
1282 2247 1341 2311 pro
1362 2229 1425 2294 lesio

133 2351 191 2398 sua
213 2333 278 2397 sive
300 2331 446 2398 molestia
478 2350 535 2415 per
566 2332 652 2413 ipsos
685 2332 789 2396 eidem
823 2331 907 2398 illata
935 2333 1042 2414 viginti
1072 2351 1199 2399 marcas
1221 2334 1332 2419 legalis
1353 2356 1426 2402 mont

133 2441 191 2506 sibi
213 2443 245 2505 in
267 2442 404 2506 crastino
425 2441 510 2505 beati
531 2438 702 2524 Mycbaelis
731 2442 877 2524 proximo
909 2444 1044 2506 venturo
1073 2444 1142 2507 sine
1169 2443 1321 2510 ditatione
1342 2444 1426 2530 qualit

134 2549 339 2614 exhibendas.
375 2548 454 2613 Item
476 2548 691 2631 procurabunt
715 2550 773 2633 ipsi
797 2549 967 2635 R(ebodo)
989 2554 1022 2614 et
1042 2550 1218 2637 mathyas)
1242 2552 1345 2618 eidem
1367 2551 1426 2636 litei

133 2659 212 2743 rico)
234 2657 359 2723 retundi
381 2658 557 2741 dampnum
579 2675 683 2736 suurn,
706 2657 792 2741 quod
806 2656 928 2723 dudum
950 2659 1077 2724 officiati
1100 2659 1216 2725 nobilis
1238 2661 1294 2726 viri
1311 2711 1318 2726 .
1336 2714 1344 2729 .
1359 2660 1426 2727 mni

133 2766 421 2849 deTbelreneburg
442 2767 511 2849 ipso
530 2765 664 2849 jubente
686 2765 744 2849 ipsi
767 2766 928 2830 ablatione
951 2769 1153 2850 quorundam
1168 2768 1329 2836 bonorum
1350 2788 1426 2836 suoru

132 2897 190 2962 per
211 2875 396 2942 violenciam
418 2875 604 2957 irrogarunt.
650 2872 721 2952 Qui,
751 2874 777 2938 si
807 2873 839 2937 id
860 2892 1031 2955 procurare
1064 2894 1129 2940 non
1163 2881 1326 2959 poterunt,
1357 2897 1407 2962 per

133 2987 309 3068 dampnum
348 2982 530 3066 hujusmodi
568 2983 736 3047 retundere
778 2982 1001 3066 promiserunt.
1044 2984 1177 3068 Insuper
1211 2987 1253 3052 ab
1288 2987 1425 3071 impetitio

133 3111 280 3175 agrorum
313 3091 447 3168 illorum,
482 3109 562 3172 quos
597 3089 681 3153 idem
706 3088 892 3174 H(enricus)
925 3094 1012 3156 tenet
1038 3092 1078 3156 de
1108 3112 1206 3160 manu
1231 3148 1239 3164 .
1265 3149 1272 3162 .
1295 3099 1410 3163 abbatis

133 3205 236 3285 Iburg,
268 3202 301 3266 in
333 3200 448 3284 quibus
479 3219 513 3264 se
536 3198 685 3263 dicebant
714 3200 766 3282 jus
799 3198 928 3277 habere,
961 3199 1034 3265 dicti
1055 3200 1221 3286 R(abodo)
1256 3211 1288 3271 et
1309 3204 1426 3290 M(atbyr

133 3311 301 3378 cessabunt
334 3309 460 3393 penitus
483 3311 514 3373 ct
536 3308 709 3382 desistent;
744 3327 803 3372 nec
835 3326 933 3389 super
963 3308 1022 3372 hiis
1055 3309 1112 3392 ipsi
1135 3311 1307 3402 H(enrico)
1339 3315 1384 3380 vel
1409 3329 1426 3375 si

132 3418 302 3484 heredibus
341 3414 515 3481 movebunt
556 3415 597 3479 de
630 3418 736 3479 cetero
778 3413 987 3497 questionem.
1031 3416 1182 3483 Ceterum
1223 3424 1403 3506 gogravium

133 3528 292 3593 medicum
314 3526 372 3608 ipsi
394 3524 558 3606 deponent
580 3525 611 3587 et
634 3522 771 3587 servient
792 3522 907 3586 civitati
930 3522 1170 3608 Osnaburgensi
1201 3549 1276 3594 cum
1303 3532 1379 3597 XXti
1398 3528 1426 3594 de

133 3636 236 3702 trariis
258 3633 405 3699 faleratis.
443 3631 494 3695 Ad
519 3631 604 3715 quod
628 3629 771 3694 videlicet
793 3630 962 3695 servicium
985 3634 1178 3700 tenebuntur
1200 3638 1318 3704 civitati
1340 3634 1426 3705 tami

134 3743 272 3826 obligati,
304 3758 471 3824 quousque
505 3738 580 3803 illud
611 3734 819 3818 impleverint,
851 3740 886 3800 ut
918 3743 967 3803 est
999 3741 1127 3808 dictum.
1174 3744 1353 3830 Orveydom
1381 3740 1426 3810 nicl

133 3851 270 3918 lominus
292 3849 350 3932 ipsi
369 3846 522 3932 jurabunt
545 3850 577 3909 et
605 3843 792 3927 promittent
815 3843 898 3907 illam
921 3845 985 3911 fide
1002 3848 1077 3913 data
1092 3869 1149 3932 pro
1163 3870 1199 3915 se
1215 3858 1247 3918 et
1261 3875 1321 3939 pro
1334 3851 1426 3921 omnib

134 3961 198 4026 suis
231 3957 339 4023 amicis
373 3959 527 4037 perpetuo
559 3952 777 4018 inviolabiliter
811 3951 1054 4022 observandam.
1112 3958 1153 4022 Ut
1180 3966 1292 4028 autem
1329 3961 1427 4048 premis

135 4067 243 4135 omnia
275 4070 307 4130 et
338 4062 461 4144 singula
491 4060 710 4126 inviolabiliter
743 4057 962 4139 observentur,
995 4062 1160 4130 Heinricus
1191 4068 1232 4133 de
1262 4065 1426 4137 Scholtbrol

135 4175 260 4262 Gyseko
293 4173 333 4237 de
365 4168 508 4247 Striclret,
541 4166 708 4233 Widotdus
742 4166 783 4230 de
815 4164 1044 4249 Scherehorne,
1082 4172 1231 4259 Mathyas
1267 4179 1307 4244 de
1342 4180 1426 4244 Borse

135 4285 265 4361 milites3
297 4279 461 4347 Heinricus
483 4276 524 4341 de
546 4274 691 4356 [tingetm
726 4272 936 4354 Wigmannus
964 4276 1004 4339 de
1026 4276 1159 4344 Loveslo
1190 4282 1381 4367 burgensem
1401 4281 1426 4346 T¹

135 4394 259 4461 dericus
281 4393 313 4454 et
335 4385 501 4454 Conradus
523 4384 564 4448 de
587 4383 709 4461 Horne,
744 4381 981 4462 Constantinus,
1013 4385 1195 4453 Gerherdus
1218 4396 1250 4455 et
1274 4393 1413 4460 Hinricus

135 4497 354 4576 Scholtbrolre,
387 4492 568 4579 Nycholaus
595 4491 635 4555 de
658 4489 810 4564 Witoves,
845 4487 1027 4557 Gerhardus
1057 4495 1097 4559 de
1118 4495 1304 4582 Mettingen,
1338 4500 1426 4567 Hirri

136 4614 177 4680 de
198 4608 342 4687 Striclvet,
363 4601 534 4671 Gerbertus
556 4600 596 4664 de
619 4599 731 4675 Helen,
766 4596 928 4664 lohannes
951 4599 1225 4686 Scapesseuldere,
1260 4609 1414 4675 Amoldus

136 4708 770 4793 Suthenvelde,Jol1aunesdeVinnete,
792 4704 938 4770 Hinricus
960 4706 1000 4771 de
1022 4708 1237 4796 Oldendorpe,
1271 4711 1426 4784 Bemhard

136 4829 225 4909 Hert,
256 4823 400 4908 mathyas
432 4820 472 4886 dc
493 4815 636 4894 Anclren,
668 4811 853 4897 Reynoldus
884 4812 980 4879 trater
1004 4835 1090 4895 suus,
1125 4818 1235 4903 Lupus
1257 4826 1300 4892 de
1322 4826 1425 4894 Knehe

137 4938 321 5007 neruumus
351 4930 449 4997 trater
479 4943 557 4993 suus
577 4923 685 4989 Bruno
706 4921 749 4987 de
769 4919 868 5000 bulte,
900 4922 965 4987 tres
996 4921 1172 4992 Bernhardi
1197 4929 1239 4997 de
1265 4933 1390 5015 wolde,
1419 4927 1426 4994 .“
