3210 5354
719 338 787 394 rear
1357 325 1420 389 141

176 537 216 548 -
242 500 337 584 latr,
360 500 456 588 ulter
478 502 529 573 28.

244 635 408 718 doctiori„
438 634 569 718 dedunt
591 654 626 719 pt
647 634 820 703 Dauohtid
853 636 913 703 uub
938 635 1049 719 ffltoptt
1077 656 1111 720 pi
1134 637 1348 719 thiebeubrttd„
1376 638 1421 707 he:

243 742 396 821 uttuubet,
426 743 484 824 boh
506 744 556 811 bet
579 743 707 828 illuster
730 743 886 828 beringer
908 741 1023 828 (hune)
1053 744 1086 810 iu
1109 744 1276 824 itieleuted
1302 746 1421 829 ithttid)

242 852 375 936 tueimot
399 852 438 918 18
460 853 567 921 &olibi
599 853 660 919 unt
682 853 728 920 tie
748 871 807 919 ocu
829 853 894 919 beor
916 851 1055 936 letteren
1078 852 1208 937 ttiotret
1232 855 1420 938 eutrirbteteu

241 961 360 1029 iteuteu
382 980 422 1028 ou
443 962 500 1028 bos
523 961 638 1040 ittotter
660 960 863 1044 &iuuentuti
886 961 987 1045 aetiten
1010 963 1118 1030 uerte.

342 1092 487 1165 Driptuut:
507 1093 702 1164 &teutbaudus
721 1092 854 1164 illinita.

202 1211 266 1277 Nos
288 1213 491 1278 Everhardus
520 1214 662 1278 decanus
684 1213 941 1295 Osnaburgensis
972 1215 1103 1280 ecclesie
1136 1219 1167 1279 et
1188 1217 1368 1299 prepositus
1390 1218 1422 1282 in

157 1321 294 1403 ‚eubruge
315 1323 465 1388 omnibus
496 1322 579 1387 hanc
608 1322 743 1386 litteram
775 1321 885 1386 visuris
916 1326 1026 1386 notum
1053 1342 1123 1388 esse
1151 1325 1305 1407 cupimus,
1335 1326 1421 1408 quod

157 1429 245 1509 ringus
267 1430 424 1512 plebanus
452 1431 485 1495 in
509 1430 692 1495 Risenbeke
722 1431 866 1513 proxima
894 1430 945 1494 die
967 1430 1136 1513 epiphanie
1158 1431 1287 1497 Domini
1310 1433 1422 1499 decern

157 1540 202 1600 cto
223 1539 342 1603 solidos
363 1544 394 1604 et
417 1541 514 1604 tercia
536 1539 614 1603 teria
635 1540 780 1620 proxima
801 1541 1033 1622 postoctavam
1047 1538 1258 1605 Pentecosten
1282 1541 1423 1607 similiter

157 1643 210 1708 lem
232 1648 466 1728 propensione
488 1666 545 1710 sue
569 1645 699 1711 ecclesie
710 1645 892 1710 Risenbeke
915 1650 947 1710 et
969 1647 1157 1728 generaliter
1179 1667 1292 1712 omnes
1315 1648 1421 1713 reddi·

169 1771 241 1835 quos
262 1774 341 1819 suus
362 1755 570 1838 predecessor
602 1755 680 1818 dare
712 1759 932 1830 consueverat,
963 1755 1124 1820 abbatisse
1146 1761 1178 1821 et
1202 1758 1369 1821 conventui
1391 1757 1423 1822 in

157 1862 293 1928 renhorst
322 1863 538 1928 cisterciensis
572 1863 693 1928 ordinis
726 1863 855 1944 singulis
877 1865 978 1940 annis,
1013 1864 1120 1946 quoad
1143 1864 1262 1944 vixerit,
1297 1866 1423 1930 statutis

157 1972 273 2051 poribus
294 1972 477 2054 persolvere
499 1991 564 2037 non
586 1971 735 2050 tardabit,
758 1972 845 2054 quod
860 1971 1065 2054 presentibus
1087 1971 1175 2054 sigilli
1197 1973 1297 2037 nostri
1318 1974 1424 2038 muni·

157 2082 419 2162 eprotestamur.
469 2079 586 2144 Datum
621 2084 653 2144 et
687 2083 793 2144 actum
826 2099 912 2144 anno
947 2079 1075 2144 Domini
1107 2079 1422 2162 M⁰cc⁰txxxvna

157 2186 223 2253 rima
244 2192 335 2253 sexta
356 2188 434 2253 feria
455 2193 528 2272 post
550 2188 835 2253 annunciationem
857 2189 951 2253 beate
974 2186 1074 2252 Marie
1097 2189 1232 2271 virginis.

206 2320 312 2405 &tepet
333 2339 398 2405 pum
420 2319 508 2403 aucit
530 2320 678 2403 ethutteu:
709 2322 778 2404 troei
808 2318 1062 2405 belligeratorem
1095 2321 1127 2387 iu
1166 2321 1321 2406 uothitcber
1352 2323 1423 2391 ure

157 2445 226 2512 rung
254 2430 309 2496 urit
337 2427 518 2511 outuetettet
551 2428 623 2510 reith
657 2429 836 2513 pethttmtet
872 2427 983 2510 hithe,
1024 2429 1168 2496 botuuter
1203 2430 1267 2497 eine
1301 2431 1420 2499 betente

157 2536 217 2604 :tute
238 2538 345 2623 {iique
382 2537 414 2602 S.
437 2536 472 2603 Ε.
496 2589 503 2602 .
527 2588 534 2603 .
559 2588 566 2602 .
590 2587 597 2601 .
622 2539 631 2600 i
652 2537 804 2620 prepositi
827 2536 958 2602 ecclesie
981 2586 988 2600 .
1013 2587 1020 2601 .
1043 2588 1050 2602 .
1075 2588 1081 2601 .
1105 2556 1166 2620 gen
1190 2588 1197 2603 .
1221 2589 1229 2604 .
1253 2587 1291 2604 ..

157 2832 166 2900 '·
184 2873 219 2885 -
240 2837 351 2924 Utica,
374 2838 467 2920 1287,
490 2838 584 2924 uuul
607 2838 657 2909 19.

249 2973 376 3058 {toturn
405 2992 466 3040 oon
491 2973 643 3056 thuliberh
673 2971 846 3054 aerptdubet
874 2972 958 3039 eiueu
990 2971 1098 3038 heheu
1130 2971 1163 3038 iu
1198 2971 1349 3056 totingen
1382 2991 1422 3039 ou

254 3080 375 3149 titubet
396 3081 530 3163 heinrich
553 3080 613 3146 unt
635 3078 728 3160 helien
750 3077 870 3146 utorio
891 3079 952 3145 unt
976 3079 1105 3146 titubet.

342 3213 474 3285 Dripinot
493 3215 529 3269 lur
547 3212 709 3285 &tritticum
729 3211 841 3282 ttrdiiue
859 3224 893 3283 aa
912 3210 1013 3282 ffiheto.

158 3335 162 3343 '
204 3333 269 3417 ligo
290 3332 454 3399 lohannes
476 3331 577 3396 dictus
611 3331 651 3394 de
673 3327 831 3412 Vulphem
863 3330 1012 3395 omnibus
1042 3349 1174 3412 presens
1204 3329 1355 3413 seriptum
1378 3330 1425 3395 vi-

157 3445 293 3507 snotum
316 3439 396 3505 facio
420 3443 530 3503 tenore
552 3439 747 3521 presentium
771 3438 956 3518 litterarum,
980 3439 1067 3522 quod
1085 3441 1126 3504 de
1148 3439 1243 3522 pleno
1266 3458 1424 3504 consensu
1542 3438 1545 3444 ’

157 3551 336 3616 coniventia
358 3568 430 3613 mee
452 3548 560 3612 uxoris
582 3546 680 3612 frater
701 3546 856 3612 Henrieus
884 3551 915 3611 et
938 3548 1005 3630 eJus
1028 3551 1131 3611 mater
1152 3550 1185 3610 et
1206 3547 1304 3629 ipsius
1327 3547 1423 3612 etiam

157 3673 182 3720 er
201 3675 221 3724 a
242 3677 296 3722 me
326 3676 433 3722 casam
465 3656 627 3738 quandam
660 3656 750 3719 sitam
780 3654 991 3737 Polinghen1)
1024 3654 1223 3736 obligationis
1253 3655 1352 3738 tytulo
1379 3655 1422 3720 ad

157 3765 394 3831 amterminum
428 3764 544 3828 scilicet
577 3782 595 3827 a
627 3762 708 3826 festo
738 3761 900 3827 Michaelis
929 3764 1074 3845 proxime
1104 3782 1188 3827 nunc
1218 3765 1353 3826 venturo
1379 3763 1421 3828 ad

157 3880 278 3939 'annos
301 3872 484 3936 immediate
508 3871 743 3952 subsequentes
765 3875 974 3954 susceperunt
996 3871 1124 3952 singulis
1139 3871 1231 3936 annis
1255 3875 1287 3936 et
1309 3890 1422 3953 quam-

163 3981 400 4048 inhabitaverint
410 3978 467 4042 Xll
480 3978 584 4061 pullos
606 3981 770 4043 annuatim
792 3999 851 4062 pro
873 3980 1027 4063 pensione
1049 3980 1269 4063 persolvendo.
1302 3979 1422 4061 Recepi

157 4087 298 4156 ilominus
320 4088 362 4153 ab
385 4088 506 4151 eisdem
528 4085 611 4149 Xllll
634 4087 752 4152 solidos
770 4088 916 4169 legalium
941 4089 1144 4153 denariorum
1166 4089 1198 4152 in
1221 4090 1323 4172 primo
1345 4108 1422 4154 con·

157 4201 192 4279 tu,
224 4201 279 4284 qui
301 4197 397 4278 vulgo
419 4194 568 4259 verebare
589 4195 711 4274 dicitur,
733 4195 786 4260 tali
810 4197 993 4261 condicione
1015 4197 1255 4276 interveniente,
1288 4197 1422 4279 quodsi

157 4305 277 4390 lipsius
299 4307 403 4371 fratris
425 4304 581 4392 H(enrici)
616 4305 708 4369 matri
741 4303 791 4368 vel
824 4306 892 4388 ejus
926 4304 1013 4370 fratri
1046 4306 1126 4370 intra
1156 4305 1328 4370 terminum
1350 4324 1425 4388 pre-

157 4416 227 4492 tium
258 4415 422 4496 eontigerit
455 4413 504 4477 vel
537 4416 731 4496 postponere
764 4430 895 4494 quoquo
928 4412 1034 4491 modo,
1073 4412 1208 4477 liberum
1249 4416 1358 4477 tamen
1393 4416 1425 4477 et

158 4523 276 4588 tranum
300 4524 359 4587 erit
380 4524 439 4606 ipsi
468 4521 555 4586 tratri
577 4520 742 4606 il(enrico)
776 4521 826 4583 vel
853 4522 921 4604 ejus
943 4522 1036 4585 matri
1059 4520 1108 4583 vel
1133 4520 1223 4584 tratri
1246 4521 1422 4586 secundum

157 4645 215 4695 uam
237 4631 446 4713 obligationis,
481 4648 576 4713 quam
600 4648 619 4693 a
642 4647 694 4691 me
716 4632 915 4710 receperunt,
938 4630 979 4693 ad
1002 4648 1104 4693 annos
1128 4628 1204 4710 ipsis
1229 4628 1261 4692 in
1284 4630 1424 4711 predicta

157 4741 369 4820 tpertinentes
391 4739 519 4805 cuilibet
540 4739 691 4820 obligare.
737 4736 887 4802 Concedo
920 4738 1052 4819 insuper
1091 4735 1191 4800 libere
1222 4740 1254 4801 et
1279 4735 1426 4802 absolute

157 4845 264 4921 predicti
286 4847 514 4913 inhabitatores
545 4847 587 4912 ad
613 4865 707 4912 suum
737 4863 830 4909 usum
853 4845 995 4910 habeant
1018 4844 1135 4909 ibidem
1159 4843 1250 4908 ῊΙΙῑο
1282 4844 1422 4926 pecudes

157 4965 195 5018 lex
212 4974 332 5040 porcos.
375 4955 472 5022 Facta
494 4959 544 5020 est
565 4955 724 5021 ordinatio
756 4953 815 5019 hec
845 4973 929 5021 auno
952 4952 1076 5019 Domini
1100 4951 1421 5034 M⁰CC⁰LXXXVll⁰‚
