3210 5354
719 318 789 374 1293
1365 307 1428 373 247

175 518 219 529 -
243 480 338 564 lasa,
361 480 568 568 (Dltetsrtb

248 613 366 697 tilidot
388 613 512 682 stonrob
534 634 593 683 oon
615 615 789 684 Danobttid
821 616 976 703 titettrtigt
1008 620 1072 686 bem
1095 619 1209 700 lttoltcr
1232 619 1427 702 tiericubtttd

248 724 306 789 boa
329 723 507 808 bigeottum
542 724 594 791 bea
628 742 687 792 oon
720 727 784 792 bem
807 725 970 807 sterpeta
993 726 1152 796 tlotbuoin
1180 747 1240 796 uon
1264 729 1426 812 &teinfurt

249 831 314 899 beru
337 831 451 910 ttlottct
472 831 643 916 oertoutten
665 833 726 900 uub
749 834 809 917 itm
832 833 881 903 ala
909 835 1078 920 letabatur
1099 836 1274 922 reignitur
1295 838 1427 925 gebatur

247 959 283 1026 ,ιι
305 940 432 1009 suurn.

346 1075 493 1148 Dttgtuot:
513 1075 717 1149 &trotaotdrlu

206 1196 375 1263 conradus
403 1196 461 1262 Dei
492 1197 593 1280 gratia
626 1195 881 1278 Osnaburgensis
915 1196 1045 1262 ecclesie
1078 1190 1246 1283 episcopus'
1278 1200 1428 1265 omnibus

154 1325 163 1370 a
184 1306 323 1371 litteram
345 1305 456 1370 visuris
479 1309 511 1370 et
543 1304 696 1370 audituris
728 1304 760 1368 in
792 1303 902 1368 salutis
924 1307 1055 1370 auctore
1076 1305 1222 1371 salutem.
1266 1305 1426 1384 Quoniam

155 1415 271 1480 nteritu
305 1414 486 1480 mortalium
519 1414 588 1478 vive
619 1413 704 1477 vocis
737 1411 842 1478 delicit
872 1412 1034 1495 probacio
1067 1415 1199 1497 provide
1221 1419 1428 1481 conservatur

154 1523 234 1588 erei
256 1525 373 1589 veritas
395 1523 528 1607 publicis
551 1520 778 1587 instrumentis.
821 1519 906 1586 Sane
929 1521 1022 1603 igitur
1048 1526 1214 1606 presentes
1237 1523 1317 1588 scire
1338 1525 1427 1608 cupi-

172 1636 203 1697 et
224 1631 348 1698 futuros
369 1632 518 1698 uolumus
541 1631 697 1715 ignorare,
732 1628 820 1713 quod
841 1631 888 1695 vir
909 1631 1023 1696 nobilis
1046 1631 1248 1698 Baldewinus
1268 1633 1309 1698 de
1331 1633 1426 1699 Sten-

154 1740 189 1806 lia
210 1760 249 1806 ex
271 1760 430 1807 consensu
463 1741 569 1806 uxoris
601 1739 700 1823 ipsius
733 1739 934 1823 filiorumque
957 1741 1026 1824 ejus
1048 1740 1193 1807 videlicet
1215 1742 1371 1825 Ludolphi
1394 1748 1426 1809 et

154 1849 251 1915 lewini
272 1869 311 1916 ac
334 1849 478 1915 omnium
501 1846 657 1914 heredum
680 1865 811 1912 suorum
834 1847 1021 1930 integralem
1049 1848 1207 1915 decimam
1230 1851 1261 1913 in
1284 1850 1425 1917 Bachem

168 1957 401 2041 manipulorum
424 1975 521 2040 quam
556 1956 677 2020 minute
710 1955 833 2020 decime
866 1974 940 2020 cum
973 1956 1123 2022 omnibus
1154 1959 1328 2023 attinentiis
1360 1961 1425 2025 suis

154 2065 216 2130 lidit
237 2069 270 2130 et
290 2067 324 2131 in
335 2066 408 2150 jure
425 2063 554 2148 penitus
565 2063 683 2128 dimisit
706 2113 713 2128 .
738 2111 746 2127 .
768 2062 931 2128 abbatisse
954 2116 962 2131 .
985 2116 993 2132 .
1016 2066 1178 2149 preposito
1202 2070 1233 2131 et
1255 2069 1426 2133 conventui

153 2175 259 2239 asterii
293 2175 325 2239 in
358 2172 580 2255 Bersenbruge
613 2171 732 2237 ordinis
759 2170 988 2255 cysterciensis
1021 2194 1081 2257 pro
1115 2176 1256 2258 quadam
1290 2179 1425 2260 pecunie

153 2284 262 2350 ntitate.
307 2281 413 2361 Quam
435 2281 602 2360 decimam,
636 2279 711 2364 quia
743 2281 783 2346 de
816 2301 914 2347 manu
937 2287 1047 2349 nostra
1068 2285 1209 2363 tenebat,
1232 2287 1369 2352 eandem
1393 2288 1424 2353 in

153 2410 192 2458 rus
213 2396 340 2458 nostras
363 2390 461 2457 libere
483 2390 654 2473 resignavit
686 2389 780 2454 nichil
813 2390 872 2455 sibi
905 2394 960 2455 aut
990 2391 1162 2458 heredibus
1185 2393 1259 2473 suis,
1294 2395 1318 2458 si
1342 2415 1424 2478 quos

153 2531 155 2560 r
174 2499 377 2583 postmodum
400 2498 520 2564 habere
542 2497 718 2580 contigerit,
740 2514 908 2563 reservans
927 2499 1007 2583 juris
1029 2501 1313 2585 autimpetitionis.
1346 2502 1424 2569 Post

153 2629 168 2674 s
187 2610 320 2675 liberam
341 2609 587 2691 resignationem
599 2627 658 2673 nos
679 2607 873 2690 sepedictam
889 2605 1046 2674 decimam
1061 2629 1134 2675 cunr
1152 2611 1300 2676 omnibus
1315 2611 1423 2678 tructi-

161 2720 225 2802 ejus
246 2735 314 2783 una
334 2736 406 2782 cum
428 2717 610 2800 proprieate
644 2714 835 2781 contulimus
858 2719 889 2780 et
911 2717 1111 2799 presentibus
1133 2720 1325 2785 conterimus
1348 2741 1422 2804 pre-

153 2825 239 2891 inato
260 2825 430 2891 conventui
452 2825 484 2889 in
507 2822 729 2906 Bersenbruge
753 2825 859 2907 quiete
881 2827 914 2889 et
935 2824 1065 2908 pacifice
1081 2830 1237 2909 perpetuo
1256 2828 1422 2911 possiden·

153 2958 164 2997 ι.
203 2933 241 3001 Et
263 2953 306 2999 ne
327 2934 411 2999 dicto
433 2932 601 3000 conventui
623 2950 642 2997 a
665 2931 808 3015 predicto
830 2931 897 2997 viro
918 2932 1014 2998 nobili
1037 2933 1252 3022 B(aldewino)
1274 2941 1330 3002 aut
1352 2942 1422 3022 ejus

152 3041 245 3107 dibus
278 3060 376 3124 super
408 3044 475 3106 ianr
509 3037 688 3106 rationabili
721 3042 752 3104 et
785 3039 941 3121 probabili
968 3042 1180 3123 resignatione
1202 3045 1421 3129 calumpniosa

152 3151 208 3216 cria
231 3150 408 3233 questionis
430 3149 638 3232 postmodum
660 3146 764 3212 valeat
786 3146 930 3227 suboriri,
963 3154 1147 3231 presentem
1173 3151 1309 3218 litteram
1332 3154 1420 3238 sigilli

153 3258 371 3324 rimunimine
403 3258 589 3323 roboratam
618 3255 764 3321 dedimus
793 3256 824 3320 in
847 3255 1007 3321 sulliciens
1029 3259 1245 3325 testimonium
1269 3266 1301 3326 et
1322 3264 1421 3330 robur

152 3369 263 3433 ictuum
285 3366 524 3449 premissorum.
569 3365 684 3431 Actum
708 3367 740 3430 et
763 3365 873 3430 datum
903 3383 990 3431 anno
1011 3365 1138 3434 Domini
1160 3368 1420 3439 u⁰cc⁰xc⁰111⁰.

199 3497 309 3583 erepet
329 3515 390 3566 oon
412 3494 584 3582 totbgdbco
606 3495 813 3578 &athaulium
835 3494 1008 3580 abacistae

182 3680 202 3747 ¹)
219 3677 286 3752 agr.
306 3677 374 3736 oben
392 3677 433 3735 btc
452 3677 604 3735 nemmem
623 3679 685 3745 380,
703 3679 753 3735 381
774 3678 830 3737 unt
849 3680 902 3735 383
921 3685 983 3736 bom
1002 3681 1044 3738 20.
1065 3682 1120 3739 unt
1138 3683 1181 3739 27.
1202 3682 1321 3742 Dttobct
1341 3687 1418 3744 1293.

151 4039 209 4066 ·-
230 4001 424 4083 Dtrttrttt,
446 4002 541 4083 1293,
564 4003 738 4077 aureolo
760 4006 812 4077 13.

238 4134 356 4219 bilant
378 4134 502 4203 torcat
525 4154 583 4204 rou
606 4136 779 4205 ornabant
808 4136 940 4224 brittigt
970 4143 1035 4210 tem
1062 4141 1175 4225 litotes
1196 4145 1314 4225 dictet
1336 4147 1416 4230 norb

233 4244 316 4313 mota
337 4245 393 4312 boa
415 4245 595 4331 bigcuttum
617 4246 669 4315 bea
690 4247 823 4332 ssctnteo
845 4266 880 4331 gu
903 4249 1030 4332 bobert.

333 4377 465 4451 Dttgtuot
485 4381 521 4436 tm
540 4378 721 4450 &ttttbortbtb
735 4379 850 4451 illicitet.
879 4379 980 4438 boort:
1001 4381 1172 4455 butenhart,
1184 4382 1414 4458 iletttdgcw.

196 4492 363 4560 Corradus
385 4494 443 4560 Dei
474 4498 575 4578 gratia
605 4494 862 4579 Osnaburgensis
895 4499 1025 4565 ecclesie
1058 4501 1225 4585 episcopus
1259 4504 1414 4569 universis

151 4593 252 4682 innuis
274 4604 341 4667 tam
362 4603 565 4686 presentibus
588 4623 686 4687 quam
708 4604 831 4684 futuris,
853 4607 969 4689 quibus
990 4607 1051 4674 hee
1073 4610 1174 4674 littero
1197 4610 1312 4677 luerint
1333 4612 1414 4678 reci·

151 4708 301 4779 ‚mutem
324 4709 356 4775 in
379 4710 517 4777 Domino
540 4714 778 4797 sempiternam.
811 4714 969 4781 Noveritis
996 4717 1081 4800 quod
1104 4719 1282 4801 comparuit
1305 4739 1412 4787 coram

151 4807 332 4884 irSrederus
353 4819 394 4885 de
410 4819 600 4903 Lustringen
622 4822 761 4888 famulus
783 4823 878 4889 etad
900 4823 1055 4889 honorem
1078 4824 1136 4890 Dei
1158 4830 1190 4891 et
1212 4831 1321 4894 sancte
1343 4831 1413 4914 ejus

151 4913 344 4994 illiciebaris
365 4927 409 4994 ob
431 4927 633 4995 dilectionem
668 4927 764 4995 etiam
798 4932 831 4994 et
862 4929 1005 4997 favorem
1028 4982 1036 4998 .
1061 4982 1068 5000 .
1091 4933 1253 5001 abbatisse
1281 4938 1313 5001 et
1334 4955 1412 5004 con-
