3210 5354
745 324 827 384 raat-
1405 308 1447 381 83

157 489 246 573 cujus
275 490 322 555 ret
343 490 560 558 testimonium
593 491 729 576 sigillum
762 496 907 559 nostrum
940 493 1000 558 hiis
1030 494 1140 560 litteris
1170 495 1318 561 duximus
1347 514 1449 580 appo·

157 597 251 662 ndum.
274 598 356 664 Acta
377 603 450 664 sunt
472 599 532 665 hec
553 602 638 685 apud
653 601 872 682 SunnesheIoe,
895 620 980 667 anno
994 600 1121 668 Domini
1134 602 1447 682 nummisma,

158 722 179 768 a
207 705 306 770 tercia
337 710 410 789 post
432 707 529 786 Quasi
559 709 655 775 modo
678 709 784 792 geniti.
827 709 1032 775 Prosentibus
1065 711 1128 776 filio
1160 715 1269 777 nostro
1300 712 1446 796 Hugone‚

157 811 206 876 eris
241 815 350 878 nostre
382 816 482 880 sedis:
520 816 666 883 lohanne
700 817 740 884 de
774 816 962 900 Holthusen‚
1000 818 1153 900 iohanne,
1192 821 1372 888 Walderico
1406 823 1446 888 de

157 921 339 1004 erincghem
383 923 567 991 Everhardo
605 931 636 992 et
668 926 852 993 Everhardo
885 928 926 992 de
958 927 1193 1011 Maleberghen
1236 929 1372 995 Henrico
1406 931 1447 997 de

157 1026 277 1106 chorst3
311 1028 433 1096 decano
466 1035 498 1097 et
528 1034 666 1116 capitulo
695 1035 852 1118 predictis,
885 1035 1068 1101 Alexandro
1091 1037 1131 1103 de
1153 1037 1306 1119 Langhen
1338 1037 1446 1115 milite,

157 1153 236 1216 gone
257 1136 299 1202 de
314 1136 434 1219 Home,
455 1139 601 1207 iohanne
613 1142 721 1222 Brant,
744 1142 909 1208 Gerbardo
925 1144 1058 1224 Soeven,
1080 1144 1226 1211 iohanne
1241 1145 1282 1210 de
1295 1145 1448 1225 Domete‚

157 1263 287 1311 rmanno
313 1246 354 1311 de
383 1246 539 1332 Eylstede‚
573 1249 737 1318 Francone
769 1252 810 1318 de
843 1252 1017 1337 Cappeleu‚
1050 1252 1186 1336 Hugone
1218 1258 1294 1319 tunc
1326 1254 1445 1319 famulo

158 1354 249 1433 tedis,
280 1354 444 1422 Gerhardo
466 1358 507 1422 de
529 1357 653 1424 Echorn
676 1363 708 1424 et
729 1359 900 1427 Herbordo
922 1362 1047 1428 famulis
1068 1362 1191 1429 domini
1212 1362 1382 1428 Alexandri
1406 1365 1446 1429 de

157 1461 263 1544 agnen,
284 1463 413 1530 Hinrico
428 1465 511 1530 dioto
522 1465 666 1532 Witbcer
686 1470 718 1533 et
739 1469 807 1534 aliis
830 1489 928 1553 quam
944 1472 1087 1554 pluribus
1103 1472 1210 1556 probis
1226 1475 1258 1537 et
1272 1473 1446 1555 fidedignis.

225 1595 333 1681 eleget
355 1597 528 1682 obqetotleu.

206 1780 227 1847 ι)
246 1779 408 1852 bathemen,
427 1780 473 1838 Str.
492 1779 679 1853 iudicabam.

157 2150 171 2243 r.
192 2217 229 2227 -
251 2180 457 2267 nortona,
482 2183 573 2264 rasa
597 2182 688 2268 narn
710 2184 763 2255 as.

264 2314 721 2399 cerniturminuando
754 2316 907 2400 fibertrtpt
939 2317 1003 2383 bem
1033 2313 1146 2395 illnlter
1168 2315 1352 2399 illoricntdb
1386 2319 1442 2386 boa

265 2425 341 2490 atne
364 2424 501 2508 &urtone
525 2426 565 2492 ina
588 2426 745 2508 ttitrblpict
768 2426 928 2494 tlrramolb
951 2432 1040 2495 auter
1062 2426 1261 2510 ilorbebolteu
1292 2426 1343 2509 itin
1365 2426 1443 2508 leina

266 2533 326 2600 nub
349 2533 443 2615 itiner
464 2534 547 2619 {trau
571 2535 747 2620 bebcnafleit.

361 2665 506 2738 Eripiunt:
526 2667 720 2739 &tuutaurttrln
739 2667 865 2739 illinitur
893 2667 1001 2739 ffiegcit:
1021 2667 1110 2741 tsselti.
1130 2668 1441 2737 manniacum.

361 2754 500 2811 aarum:
520 2754 612 2827 tsseltt.
633 2755 755 2827 sseltlubr.
775 2757 823 2822 ΙΧ,
840 2756 901 2810 311.

224 2870 379 2936 Henricus
401 2873 501 2938 dictus
516 2871 615 2938 Vinke
637 2873 726 2938 miles
749 2872 897 2938 omnibus
918 2891 1051 2955 presens
1073 2872 1224 2956 scriptum
1247 2873 1442 2939 intuentibus

157 2979 210 3041 lum
241 2980 383 3059 facimus,
418 2980 503 3064 quod
537 3000 684 3046 mansum
712 2980 846 3045 Suderlo
880 2999 952 3045 cum
985 2981 1050 3045 suis
1080 2980 1256 3046 attinenciis
1286 2982 1379 3047 situm
1410 2983 1443 3046 in

157 3088 262 3154 nochia
285 3089 446 3154 Versmele
477 3091 519 3154 ad
551 3109 666 3154 manus
689 3140 696 3154 .
720 3139 727 3153 .
751 3089 875 3154 abbatis
908 3091 940 3152 et
970 3088 1103 3154 fratrum
1126 3090 1166 3154 de
1189 3088 1311 3173 Campo
1333 3091 1441 3155 sancte

157 3197 198 3261 rie
217 3198 336 3263 ordinis
357 3197 572 3264 Cisterciensis
593 3199 850 3265 Monasleriensis
880 3197 1023 3282 dyocesis
1052 3197 1167 3262 nostris
1198 3198 1333 3262 denariis
1355 3217 1442 3263 com·

157 3307 242 3371 ratum
264 3307 369 3372 taliter
387 3309 453 3391 jam
476 3308 566 3372 dictis
588 3308 746 3387 iratribus,
758 3311 792 3372 ut
804 3307 1016 3389 subsequitur,
1036 3306 1183 3371 duximus
1204 3306 1441 3385 conterendum,

157 3411 240 3479 lelicet
271 3417 306 3478 ut
338 3413 467 3496 singulis
501 3415 592 3479 annis
626 3416 657 3480 in
692 3416 772 3480 leslo
806 3414 973 3479 beatarum
996 3414 1039 3478 XI
1061 3414 1190 3478 millium
1223 3414 1378 3496 virginum
1400 3416 1441 3480 ad

157 3520 344 3587 notationem
377 3522 555 3587 relectionis
588 3523 720 3588 fratrum
750 3524 817 3606 jam
850 3523 1004 3588 dictorum
1040 3542 1080 3586 ex
1100 3521 1345 3588 obventionibus
1368 3523 1440 3589 dicti

157 3630 201 3693 nsi
220 3630 354 3695 Suderlo
375 3631 549 3714 percipiant
571 3631 597 3695 II
620 3651 752 3711 marcas,
785 3630 956 3696 medietate
979 3630 1075 3713 ipsius
1098 3629 1198 3695 mansi
1221 3629 1311 3694 uxori
1334 3633 1441 3696 nostre

157 3739 218 3818 eyn,
250 3739 277 3803 si
309 3758 368 3803 nos
400 3741 537 3822 premori
573 3742 745 3824 contigerit,
780 3740 887 3824 quoad
909 3739 1020 3803 vixerit
1040 3743 1211 3803 reservata.
1253 3738 1330 3803 Post
1351 3742 1441 3822 cujus

157 3844 218 3913 llum
239 3849 382 3914 saniliter
403 3848 429 3912 ll
452 3867 575 3913 marcas
597 3848 771 3932 percipient
803 3849 896 3913 iidem
921 3847 1033 3912 iratres
1055 3846 1097 3911 ad
1119 3846 1366 3911 consolationem
1390 3866 1441 3911 rc·

157 3956 238 4022 :lionis
270 3957 454 4023 habendam
489 3977 528 4021 ex
561 3957 767 4040 pensionibus
809 3957 906 4040 ipsius
947 3955 1049 4021 mansi
1088 3955 1231 4038 superius
1265 3956 1440 4021 memorati.

157 4062 217 4129 odsi
238 4084 371 4131 uxorem
389 4067 530 4130 nostram
553 4065 727 4148 predictam
750 4064 838 4147 prius
861 4083 958 4147 quam
982 4082 1040 4127 nos
1057 4062 1137 4128 mori
1158 4060 1330 4142 contigerit,
1354 4063 1440 4144 quic·

158 4165 181 4234 id
199 4173 276 4238 ultra
297 4191 457 4238 summam
490 4176 626 4256 quatuor
656 4192 835 4238 marcarum
858 4191 954 4255 supra
977 4171 1194 4238 ordinatarum
1218 4189 1257 4234 ex
1279 4170 1439 4252 sepedicto

157 4291 212 4343 nso
232 4281 399 4365 provenire
422 4280 569 4362 potuerit,
592 4285 698 4345 nostre
722 4281 935 4364 dispositionis
957 4281 1085 4346 arbitrio
1108 4279 1254 4344 volumus
1276 4279 1439 4344 reservari.

157 4388 182 4448 st
197 4387 314 4454 obitum
336 4392 444 4453 autem
463 4392 605 4453 nostrum
624 4389 795 4454 amborum
812 4389 960 4473 quicquid
984 4387 1157 4454 excreverit
1179 4386 1261 4450 ultra
1280 4404 1439 4450 summam

157 4495 235 4561 atuor
255 4514 434 4562 marcarum
458 4497 646 4580 premissam
676 4497 707 4561 in
730 4498 992 4563 emendacionem
1016 4497 1217 4561 serviciorum
1248 4493 1441 4575 integraliter

157 4606 306 4669 avertetur.
352 4603 502 4670 Custodia
524 4624 599 4669 vero
621 4606 718 4688 ipsius
740 4607 842 4672 mansi
865 4612 896 4671 et
918 4607 1120 4671 serviciorum
1151 4602 1312 4668 ordinacio
1334 4621 1440 4668 carue·

157 4704 188 4770 tio
204 4712 425 4776 committatur.
469 4711 517 4776 Ne
539 4732 615 4777 vero
638 4713 778 4796 predicta
800 4713 960 4779 ordinacio
992 4717 1100 4778 nostra
1122 4717 1154 4778 et
1175 4713 1304 4779 collario
1327 4715 1358 4777 in
1381 4713 1439 4778 ob·

157 4809 243 4884 ‘brem
266 4823 298 4885 et
320 4819 534 4902 ignoranciam
552 4822 788 4886 succedentium
804 4842 861 4906 pro
878 4825 1022 4904 ternpore
1036 4820 1168 4886 fratrum
1182 4821 1285 4899 cadat,
1308 4840 1439 4905 presens

157 4918 247 5004 linium
269 4927 370 5009 sigillo
393 4930 574 4994 monasterii
598 4928 710 5012 Campi
740 4934 850 4995 sancte
871 4927 969 4994 Marie
1000 4930 1131 5011 predicti
1162 4931 1330 5013 petivimus
1352 4948 1440 4995 com-

1189 5039 1228 5106 6*
