3210 5354
790 306 860 362 1282
1450 291 1493 357 35

157 475 310 538 umaciter
342 473 560 552 sustinuerint,
602 476 718 538 extunc
758 473 898 538 similiter
932 474 1107 556 antiphona
1148 473 1272 553 „Media
1303 474 1387 538 vita“
1421 492 1494 540 cum

157 583 316 669 telmisu)
339 588 372 648 et
394 583 532 648 collectis
554 583 596 648 ad
618 583 678 647 hoc
699 582 860 665 deputatis
882 581 913 645 in
934 581 1041 646 medio
1063 581 1256 647 monasterio
1277 583 1356 647 hora
1374 583 1415 648 ad
1433 583 1495 649 hoc

157 690 325 775 ‚capitulo
361 691 547 773 deputanda
580 691 765 755 decantetur
798 688 929 771 singulis
961 689 1074 755 diebus
1106 690 1270 757 dominicis
1303 696 1334 757 et
1364 692 1431 757 aliis
1462 696 1493 757 et

157 800 367 865 ichilominus
388 798 520 882 pulsatis
541 799 706 881 campanis
728 802 760 863 et
781 797 922 863 candelis
944 799 1085 864 accensis
1107 798 1338 865 denunciantur
1368 800 1493 882 publice

157 909 429 984 xcommunicati;
462 911 494 972 et
515 909 540 972 si
563 907 604 972 ad
626 907 688 971 huc
710 927 768 989 per
799 907 878 972 alios
906 907 1085 990 quindecim
1119 907 1186 971 dies
1208 927 1273 973 non
1295 908 1493 990 resipuerint,

157 1021 257 1082 xtunc
288 1017 362 1082 toea
393 1021 425 1081 et
449 1016 615 1100 parrochie
638 1017 670 1080 in
692 1017 807 1099 quibus
829 1016 943 1080 morati
965 1015 1080 1079 tuerint
1111 1018 1143 1080 et
1165 1017 1206 1081 ad
1228 1035 1291 1098 que
1314 1016 1414 1098 spolia
1436 1017 1493 1081 de-

157 1128 303 1189 'enerunt
326 1129 359 1189 et
381 1143 493 1189 eorum
515 1124 668 1189 suburbia
691 1124 900 1189 ecclesiastico
922 1124 1142 1207 subponuntur
1169 1124 1334 1189 interdicto
1355 1127 1387 1188 et
1408 1125 1494 1188 simi·

157 1235 210 1298 lter
230 1235 342 1298 omnia
364 1232 445 1312 loca,
467 1234 508 1298 ad
525 1251 726 1317 quecumque
748 1233 942 1313 devenerint,
965 1231 1118 1316 quamdiu
1140 1233 1258 1298 ibidem
1280 1232 1439 1317 luerint,¹¹)
1462 1235 1494 1297 et

157 1347 215 1407 rost
244 1361 411 1409 recessum
441 1361 553 1408 eorum
583 1342 625 1407 ad
652 1341 791 1405 triduum
814 1342 945 1405 careant
967 1341 1086 1406 divinis.
1130 1341 1170 1405 Et
1191 1341 1411 1406 nichilominus
1434 1360 1493 1406 nos

157 1451 315 1534 episcopus
338 1454 450 1515 contra
471 1450 552 1514 tales
574 1448 707 1514 rebelles
729 1449 940 1530 procedemus
964 1448 1094 1514 brachio
1116 1450 1250 1514 seculari
1272 1468 1331 1515 nec
1354 1469 1413 1515 nos
1434 1469 1494 1514 nec

157 1558 296 1623 riticiales
318 1559 418 1622 nostri
440 1559 472 1622 in
494 1557 586 1623 bonis
616 1557 742 1640 capituli
771 1557 869 1621 nostri
897 1557 1043 1639 injuriam
1065 1556 1206 1641 aliquam
1228 1558 1492 1641 perpetrabimus,

157 1667 231 1749 quod
253 1686 315 1731 nos
336 1664 478 1730 similiter
499 1666 562 1730 fide
584 1665 659 1730 data
682 1665 884 1749 promisimus
898 1664 1069 1730 observare
1087 1685 1146 1730 nec
1161 1667 1338 1731 sentencias
1355 1665 1491 1750 aliquas,

157 1775 321 1859 dequibus
335 1794 434 1858 supra
449 1775 484 1840 lit
498 1776 627 1854 mentio,
650 1773 675 1837 si
692 1792 773 1855 quas
788 1792 847 1838 nos
863 1771 1065 1855 promulgare
1081 1772 1255 1855 contigerit,
1278 1772 1493 1838 relaxabimus

157 1884 215 1948 sine
236 1902 396 1949 consensu
419 1887 452 1946 et
473 1884 552 1948 scitu
574 1881 701 1965 capituli
724 1881 832 1946 nostri.
874 1879 941 1945 Nos
970 1900 1046 1945 vero
1074 1881 1263 1964 prepositus,
1296 1882 1435 1945 decanus
1463 1885 1495 1946 et

158 1991 367 2075 archidyaconi
390 1991 550 2055 viceversa
572 1989 676 2055 nullas
698 1989 876 2053 sentencias
899 1986 1121 2068 relaxabimus,
1156 1991 1181 2054 si
1215 2009 1296 2072 quas
1328 2009 1388 2055 nos
1418 2010 1494 2073 pro·

161 2098 288 2179 uulgare
320 2098 485 2179 contigerit
507 2098 547 2162 ad
570 2098 758 2162 instanciam
790 2095 910 2161 domini
937 2097 1035 2160 nostri
1067 2097 1205 2180 episcopi
1228 2097 1493 2179 Osnaburgensir‚

165 2207 211 2270 nisi
230 2208 287 2273 hoc
308 2208 349 2272 de
371 2206 470 2290 ipsius
491 2206 584 2271 luerit
605 2207 684 2270 scitu
707 2208 739 2269 et
763 2205 937 2270 voluntate.

272 2316 301 2380 8.
324 2314 464 2380 Octavus
485 2314 634 2379 articulus
656 2318 713 2393 est,
748 2313 835 2397 quod
861 2314 887 2378 si
909 2313 1005 2396 aliqui
1028 2312 1160 2391 nobiles,
1193 2315 1414 2381 ministeriales
1435 2335 1493 2381 seu

172 2418 436 2505 alicujuscunque
458 2422 646 2488 conditionis
668 2423 784 2487 fuerint
808 2423 838 2486 in
861 2422 954 2486 bonis
975 2439 1033 2486 seu
1055 2422 1151 2486 rebus
1165 2421 1296 2506 alicujus
1310 2425 1493 2489 monasterii

174 2533 258 2594 nosue
277 2531 421 2614 dyocesis
442 2532 658 2615 cujuscunque
680 2531 774 2595 luerit
797 2531 926 2610 ordinis,
949 2530 1091 2595 canonici
1103 2531 1232 2596 alterius
1246 2531 1377 2596 ecclesie
1393 2552 1490 2615 quam

177 2641 266 2719 mstre,
297 2639 464 2724 presbiteri
497 2641 546 2705 vel
578 2640 678 2706 clerici
711 2641 928 2723 cujuscunque
961 2639 1116 2722 rapinam,
1150 2638 1330 2704 incendium
1364 2642 1413 2706 vel
1437 2661 1493 2706 ex·

178 2748 303 2813 arionem
325 2747 465 2829 feceriut,
495 2753 687 2815 moneantur
717 2749 893 2813 seeundum
915 2748 1158 2827 distinctionem,
1190 2753 1225 2814 ut
1247 2768 1343 2832 supra
1365 2751 1397 2815 in
1418 2752 1493 2816 arti·

180 2853 229 2917 ulo
244 2858 394 2939 proximo,
428 2860 460 2921 et
488 2859 514 2921 si
536 2876 601 2922 non
623 2857 841 2936 satisfecerint,
872 2857 1186 2922 excommunicentur
1207 2861 1240 2921 et
1261 2858 1494 2924 denuncientur

180 2975 219 3038 per
230 2966 405 3049 episcopum
418 2965 697 3046 Osnaburgensem
713 2964 762 3029 vel
777 2966 982 3047 prepositum,
1006 2965 1163 3031 decanum
1187 2969 1219 3030 et
1232 2965 1491 3050 archidyaconos,

181 3069 444 3140 aduniendam
474 3093 533 3157 per
564 3075 758 3158 quindenam
789 3077 1019 3140 contumaciter
1040 3075 1256 3156 sustinuerint,
1288 3079 1405 3140 extunc
1426 3077 1493 3140 sin-

182 3177 236 3254 ltlis
253 3184 361 3249 diebus
383 3184 547 3249 dominicis
577 3187 609 3248 et
637 3182 756 3248 festivis
777 3183 910 3266 pulsatis
930 3184 1096 3266 campanis
1118 3187 1150 3247 et
1171 3187 1285 3248 cetera.
1327 3183 1414 3249 Etsi
1436 3184 1493 3249 ad·
1574 3199 1577 3204 ’

182 3278 224 3350 huc
246 3291 284 3356 ad
303 3290 385 3356 alios
407 3291 587 3373 quindecim
609 3292 677 3356 dies
699 3294 876 3356 sentencias
897 3293 1104 3357 sustinuerint
1125 3293 1231 3356 animo
1254 3293 1409 3372 indurato,
1439 3312 1496 3357 ex·

182 3391 233 3458 luc
257 3399 323 3464 loca
357 3403 389 3463 et
420 3398 596 3482 parrochie,
635 3399 667 3462 in
708 3397 824 3481 quibus
860 3401 976 3463 morati
1008 3399 1124 3463 fuerint
1162 3402 1193 3463 et
1227 3399 1268 3463 ad
1301 3418 1364 3481 que
1395 3401 1496 3483 spolia

183 3497 386 3594 tevenemnt,⁰)
419 3511 452 3573 et
478 3527 589 3573 eorum
622 3508 774 3572 suburbia
801 3506 1011 3572 ecclesiastico
1033 3507 1255 3590 subponuntur
1275 3507 1442 3573 interdicto
1463 3514 1496 3574 et

182 3608 290 3682 suuntur
314 3618 425 3683 omnia
445 3617 524 3694 loca,
546 3617 587 3681 ad
609 3634 801 3700 quecunque
822 3617 1018 3694 devenerint,
1052 3616 1205 3699 quamdiu
1225 3613 1344 3680 ibidem
1367 3615 1494 3697 fuerint,

183 3721 203 3779 tl
216 3730 276 3804 post
294 3745 457 3792 recessum
480 3745 591 3790 eorum
612 3727 655 3791 ad
676 3725 816 3790 triduum
837 3730 967 3791 careant
989 3726 1112 3791 divinis.

274 3834 341 3901 Hec
362 3837 481 3900 statuta
501 3853 568 3900 non
598 3835 701 3900 solum
734 3834 861 3899 extendi
892 3836 1040 3900 volumus
1069 3834 1112 3899 ad
1139 3833 1299 3916 presentia
1321 3836 1354 3898 et
1376 3833 1491 3912 sutura,

183 3933 221 3999 ted
235 3943 327 4008 eciam
349 3942 392 4006 ad
413 3942 573 4025 preterita.
616 3943 651 4008 ln
681 3961 819 4025 quorum
850 3943 993 4008 omnium
1025 3943 1240 4008 testimoninm
1275 3947 1308 4009 et
1330 3943 1493 4008 munimen

183 4054 311 4118 umores
341 4051 462 4117 litteras
490 4043 566 4115 fieri
589 4050 719 4114 fecimus
741 4053 773 4113 et
795 4069 855 4114 nos
876 4051 1044 4134 episcopus
1065 4053 1185 4129 nostro,
1222 4071 1281 4117 nos
1314 4071 1390 4116 vero
1421 4069 1495 4134 pre·

184 4157 271 4227 rurus
299 4161 442 4227 decanus
473 4164 505 4224 et
539 4159 709 4242 capitulum
743 4163 853 4225 nostro
880 4161 992 4243 maJ'on'
1013 4159 1121 4242 sigillis
1142 4159 1274 4226 fecimus
1295 4159 1493 4225 communiri.

184 4255 267 4333 tuum
286 4275 318 4335 et
338 4270 451 4335 datum
473 4267 682 4350 Osenbrugge
705 4268 735 4332 in
757 4267 880 4350 capella
901 4269 1001 4333 sancti
1022 4267 1112 4333 Pauli
1139 4287 1225 4334 anno
1245 4268 1372 4335 Domini
1394 4267 1495 4333 mille·

184 4364 239 4437 tluo
254 4375 469 4444 ducentesimo
490 4376 720 4461 octogesimor)
742 4377 856 4459 primo,
879 4376 911 4441 in
933 4378 984 4442 die
1005 4376 1131 4442 Juliane
1152 4378 1290 4459 virginis.

273 4484 344 4571 u«)
366 4506 427 4552 nos
449 4485 615 4551 &nudus
636 4486 814 4569 episcopus,
838 4533 870 4548 ..
893 4485 1084 4569 prepositus,
1107 4536 1139 4552 ..
1163 4486 1305 4551 decanus
1327 4490 1495 4570 totumque

185 4587 319 4665 enarum
351 4594 602 4676 Osnaburgense
633 4596 708 4677 quia
734 4645 743 4659 .
770 4645 779 4660 .
806 4596 985 4677 prepositus
1012 4643 1020 4658 .
1049 4645 1057 4661 .
1084 4595 1226 4660 decanus
1258 4598 1290 4658 et
1322 4593 1494 4678 capitulum

186 4690 282 4763 eume
309 4702 412 4768 macti
444 4700 597 4766 iohannis
627 4702 886 4784 Osnahurgensis
917 4705 949 4768 in
981 4702 1131 4768 omnbus
1163 4701 1303 4782 negociis
1339 4705 1372 4766 et
1404 4701 1495 4766 lactis

186 4804 269 4871 neuris
287 4809 349 4876 lide
368 4812 503 4894 prestita
524 4811 678 4894 corporali
699 4811 793 4877 nobis
814 4812 1008 4878 confederati
1029 4814 1106 4876 sunt
1127 4815 1160 4876 et
1181 4809 1272 4887 uniti,
1294 4808 1442 4876 volumus
1463 4811 1495 4875 et

187 4898 230 4973 lit
251 4919 399 5003 corporali
430 4920 561 5002 prestita
590 4920 813 5002 promittimus,
844 4918 954 4988 omnia
986 4925 1019 4986 et
1039 4919 1164 5003 singula
1194 4921 1226 4985 in
1255 4921 1397 5003 predicta
1418 4936 1496 4985 con·

1241 5020 1283 5088 32
