3210 5354
677 294 747 349 ner
876 379 880 385 .
1319 279 1381 344 113

157 462 382 543 -Dtoctritd,
404 462 497 542 1285,
519 459 706 545 acrama
727 459 779 531 28.

203 596 277 663 lbos
299 593 489 677 suncanto
509 612 544 678 go
566 592 740 662 Dencbtssd
768 591 922 674 belttmnt,
958 591 1015 671 bob
1037 592 1093 660 ben
1114 591 1302 676 ibombecten
1333 593 1381 661 ein

204 704 323 788 amciter
346 704 544 789 ecaterinae
573 704 712 789 brmtfligt
743 705 858 773 werhen
888 702 952 784 loll,
986 721 1045 771 oon
1076 702 1168 785 bellan
1202 701 1380 786 &attollar

204 833 260 883 oot
283 815 369 884 ollem
390 816 436 884 bie
458 814 723 900 &ertgebddrtntlle
753 832 787 899 go
816 814 913 897 tritten
946 812 1020 894 lent,
1051 813 1112 880 unt
1143 812 1201 892 tot
1231 812 1277 880 tte
1299 810 1381 878 aar:

204 923 317 1003 madet
346 924 399 992 bea
430 923 526 1006 reaten
548 923 676 992 titillare
707 923 818 1007 lonobt
847 924 898 991 bet
919 922 1093 1006 ibombetrn
1125 921 1175 989 ota
1205 921 1257 989 bet
1286 920 1381 988 idom:

204 1033 334 1103 citarier
355 1053 410 1104 oor
431 1034 496 1103 bem
518 1034 639 1117 tlcpltet
661 1034 819 1119 ttednung
841 1033 924 1118 legen
946 1031 1046 1113 loten.

301 1191 450 1263 Drigtnol:
470 1192 673 1262 &tentamenta

164 1331 351 1400 Helmoldus
372 1337 553 1419 prepositus
579 1339 748 1418 totumque
777 1331 951 1416 capitulum
974 1330 1228 1414 osnaburgensis
1251 1330 1381 1395 ecclesie

157 1459 188 1504 ns
208 1441 268 1508 sibi
290 1443 322 1506 ln
344 1444 414 1526 ipsa
443 1444 574 1509 ecclesia
603 1445 760 1526 perpetuo
790 1442 1033 1508 succedentibus
1063 1440 1104 1505 ad
1127 1442 1315 1523 perpetuam
1336 1439 1382 1503 rei

157 1547 236 1612 iam.
278 1549 453 1616 Ecclesiam
476 1555 618 1616 nostram
650 1570 688 1615 eo
711 1550 894 1628 dilectionis,
928 1553 963 1614 ut
983 1553 1141 1629 tenemur,
1169 1549 1285 1614 affectu
1306 1567 1382 1631 pro·

157 1675 212 1737 rur,
236 1659 323 1741 quod
344 1661 412 1724 tam
424 1660 637 1743 spiritualibus
660 1678 757 1742 quam
780 1658 1007 1742 temporalibus
1029 1659 1182 1740 proficere
1204 1658 1382 1722 incremen-

157 1763 317 1829 ideramus
340 1767 487 1832 eandem.
531 1767 628 1849 Igitur
650 1768 862 1846 attendentes,
884 1768 972 1851 quod
991 1767 1133 1832 redditus
1155 1770 1186 1831 et
1207 1768 1382 1849 proventus

157 1871 275 1938 rdarum
297 1878 479 1940 nostrarum
502 1879 615 1941 tenues
637 1880 711 1941 sunt
733 1879 765 1941 et
787 1877 893 1955 exiles,
917 1875 1068 1959 quodque
1086 1893 1189 1958 pauca
1210 1874 1382 1958 prebendis

157 2005 159 2042 r
181 1981 337 2048 beneficia
359 1988 433 2048 sunt
453 2003 589 2062 annexa,
616 1989 748 2068 propter
771 1985 858 2068 quod
879 1984 1063 2068 frequenter
1084 1985 1198 2062 evenit,
1232 1986 1276 2060 ut,
1309 2001 1382 2048 cum

157 2110 177 2154 n
199 2110 239 2157 ex
260 2092 448 2158 nobismori
464 2093 676 2175 contingebat,
700 2092 806 2159 debita
828 2112 886 2158 sua
908 2094 948 2159 de
965 2092 1117 2157 fructibus
1138 2091 1302 2175 prebende
1324 2109 1382 2155 sue

157 2202 226 2265 anni
248 2204 481 2283 postmortem
503 2221 605 2282 suam,
640 2222 721 2285 quos
751 2222 810 2285 pro
841 2222 927 2268 anno
959 2201 1059 2284 gratie
1085 2201 1228 2265 canonici
1251 2198 1382 2265 ecclesie

167 2308 359 2375 decedentes
382 2329 402 2375 a
423 2313 578 2393 ternpore,
601 2311 690 2393 cujus
712 2329 778 2376 non
801 2314 889 2376 extat·
908 2310 1072 2386 memoria,
1106 2309 1297 2387 habuerunt,
1324 2310 1383 2373 mi-

157 2419 293 2483 >olerent
313 2420 461 2502 persolvi,
491 2438 550 2483 nec
572 2419 763 2484 memorialis
785 2419 817 2484 in
840 2419 971 2486 ecclesia
993 2423 1103 2485 nostra
1124 2421 1254 2500 propter
1275 2436 1383 2482 rerum

157 2544 196 2590 nn
218 2525 342 2592 haberi.
385 2527 478 2592 Unde
511 2547 607 2610 super
640 2528 702 2592 hoc
734 2528 865 2593 ecclesie
898 2532 1007 2593 nostre
1040 2527 1199 2592 canonicis
1230 2526 1382 2591 ammodo

157 2634 264 2699 ntibus
285 2636 318 2699 in
341 2639 496 2718 quantum
510 2656 682 2718 possumus
699 2656 869 2720 precavere
883 2636 1037 2714 volentes,
1059 2636 1286 2700 deliberatione
1308 2655 1382 2719 pro·

157 2740 299 2807 rehabita
321 2743 362 2808 de
395 2745 557 2808 communi
590 2748 622 2808 et
654 2746 796 2810 unanimi
829 2763 987 2810 consensu
1020 2745 1161 2809 omniurn
1189 2745 1382 2809 concanoni-

185 2852 369 2915 nostrorum
409 2852 441 2915 in
481 2853 610 2917 nomine
649 2857 760 2919 sancte
792 2858 824 2919 et
862 2854 1023 2919 individue
1055 2853 1201 2918 trinitatis
1233 2853 1383 2919 duximus

157 2956 243 3022 idum
267 2976 304 3023 ao
325 2960 507 3046 presinti(!)
530 2964 646 3044 scripto
668 2964 836 3027 statuimus
871 2967 903 3028 et
936 2963 1130 3039 ordinamus,
1163 2964 1199 3025 ut
1231 2979 1303 3026 cum
1325 2961 1383 3025 ali-

157 3068 382 3133 canonicorum
404 3074 587 3135 nostrorum
604 3072 685 3138 mori
708 3073 858 3153 deinceps
881 3071 1056 3151 contigerit,
1078 3072 1184 3152 preter
1205 3088 1262 3133 sex
1283 3070 1382 3152 septi·

157 3223 159 3247 ‚
193 3193 276 3257 quas
297 3195 356 3258 pro
379 3177 497 3243 familia
519 3197 586 3258 sua,
621 3184 652 3244 et
674 3200 773 3246 unum
796 3199 927 3258 annum,
961 3197 1057 3262 quem
1090 3198 1149 3262 pro
1175 3197 1260 3244 anno
1282 3180 1381 3260 gratie

157 3284 230 3367 iquo
252 3284 404 3363 habebat,
440 3285 558 3351 fructus
581 3290 745 3370 prebende
772 3308 829 3353 sue
852 3289 982 3354 secundi
1003 3287 1080 3353 anni
1103 3306 1176 3353 curn
1197 3288 1301 3370 primo
1322 3307 1381 3370 pro

157 3394 250 3475 gratie
273 3395 394 3474 integre
416 3394 535 3459 habeat
558 3399 590 3461 et
611 3398 774 3480 percipiat.
818 3397 864 3461 lta
886 3400 994 3461 tamen
1018 3398 1104 3479 quod
1122 3397 1278 3462 medietas
1299 3398 1383 3462 fruc·

157 3502 281 3566 secundi
302 3502 377 3566 anni
400 3521 420 3567 a
442 3504 489 3567 sui
511 3507 693 3570 testamenti
724 3507 946 3571 executoribus
975 3507 1017 3571 ad
1045 3509 1113 3590 ejus
1139 3509 1328 3572 memoriam
1350 3509 1381 3572 in
1472 3490 1474 3494 ⁵

157 3629 168 3673 r
200 3612 313 3674 nostra
345 3615 500 3693 perpetuo
531 3613 716 3680 habendam
749 3615 912 3679 ordinetur
943 3619 974 3680 et
1006 3616 1184 3698 deputetur.
1232 3615 1381 3680 Preterea

157 3722 277 3784 arantes
300 3722 332 3783 et
353 3722 565 3800 attendentes,
601 3723 687 3804 quod
720 3723 863 3789 nonnulli
897 3727 1082 3788 executores
1114 3727 1379 3789 testamentorum

157 3847 260 3892 :orum
285 3832 315 3892 et
336 3829 524 3893 vicariorum
559 3832 690 3895 ecclesie
723 3837 831 3897 nostre
865 3833 905 3896 de
938 3833 1079 3914 ipsorum
1112 3836 1300 3897 testatorum
1323 3852 1380 3915 pe-

157 3940 181 4001 et
203 3936 273 4003 aliis
295 3937 400 4016 bonis,
433 3943 527 4020 prout
561 3940 593 4003 in
615 3940 727 4004 ultima
748 3939 909 4004 voluntate
932 3941 1134 4021 mandarunt,
1157 3942 1326 4025 disponere
1348 3944 1379 4005 et

157 4045 218 4124 rios
241 4063 317 4108 usus
341 4050 525 4110 convertere
559 4051 788 4129 postponentes
821 4049 935 4113 eadem
957 4048 1024 4112 aliis
1046 4051 1156 4114 usibus
1178 4050 1282 4114 minus
1305 4069 1379 4131 pro-

157 4153 290 4234 aplicare
314 4155 552 4234 presumebant,
586 4156 825 4239 propterquod
853 4156 996 4239 ipsorum
1018 4163 1281 4224 testamentorum
1304 4178 1379 4223 exe-

157 4264 173 4323 t
194 4261 248 4341 pia
272 4263 459 4325 testatorum
475 4262 637 4345 dispositio
652 4264 836 4346 frequenter
857 4268 1020 4331 retardata
1042 4269 1141 4332 extitit
1163 4272 1195 4332 et
1216 4268 1378 4350 impedita.

157 4367 279 4432 ecclesie
302 4373 410 4432 nostre
442 4371 567 4433 utilitati
601 4372 632 4435 in
665 4374 736 4453 hoc,
769 4380 804 4439 ut
826 4379 983 4453 tenemur,
1018 4377 1184 4441 consulere
1205 4377 1377 4458 cupientes,

158 4477 240 4540 orbo
262 4495 322 4558 per
343 4477 508 4543 enthitoda
523 4479 562 4564 (l)
590 4483 769 4547 necessaria
792 4484 990 4548 decrevimus
1012 4486 1152 4551 obviare.
1195 4485 1378 4549 Statuentes

165 4583 283 4647 eodem
307 4585 424 4667 scripto
448 4589 683 4668 ctordinanteS,
705 4594 739 4654 ut
752 4591 901 4673 deinceps
915 4595 1100 4656 executores
1112 4596 1378 4658 testamentorum

157 4712 257 4758 :orum
281 4712 368 4758 anno
391 4696 541 4774 secundo,
576 4698 763 4763 vicariorum
788 4713 862 4763 vero
885 4699 1014 4763 ecclesie
1037 4703 1144 4764 nostre
1167 4720 1253 4765 anno
1275 4703 1378 4783 primo

157 4806 262 4868 ortem
286 4804 474 4868 testatorum
509 4805 624 4887 elapsis
658 4807 690 4870 in
724 4808 861 4890 capitulo
894 4811 1003 4872 nostro
1032 4812 1241 4892 compareant
1258 4811 1379 4893 justam

157 4930 183 4975 rn
208 4928 318 4975 coram
342 4912 411 4995 ipso
434 4913 581 4996 capitulo,
605 4915 740 4998 qualiter
763 4918 917 4983 debonis
941 4921 1130 4983 testatorum
1153 4919 1378 5002 disposuerint,

170 5026 234 5075 ora
248 5026 373 5083 uetadun
387 5030 427 5074 Ν.
767 5029 773 5042 “
953 5067 955 5073 -
1145 5024 1165 5088 8
