3210 5354
744 319 813 375 rrae
1383 301 1448 368 323

226 482 392 551 Universis
413 489 578 570 presentes
600 487 720 553 litteras
741 487 853 552 visuris
876 490 908 551 et
929 484 1092 552 audituris.
1136 483 1203 550 Nos
1224 483 1387 550 lohannes
1409 484 1450 550 de

153 590 192 656 de
215 596 248 658 et
270 592 475 661 Bernhardus
497 596 537 661 de
560 595 798 680 Wughtorpe1)
832 595 975 662 canonici
1008 594 1138 662 ecclesie
1172 595 1273 659 sancti
1295 593 1448 660 iohannis

153 698 359 783 naburgensis
391 703 536 786 cupimus
569 721 639 768 esse
672 708 794 782 notum,
826 704 913 787 quod
946 723 1006 768 nos
1034 702 1233 768 vendidimus
1254 721 1313 786 pro
1335 703 1446 768 decem

153 807 217 871 ucis
261 807 465 875 denariorum
500 811 798 893 Osnaburgensium
841 811 988 895 legalium
1035 813 1067 874 et
1098 809 1256 874 bonorum
1290 810 1383 874 nobis
1414 810 1446 874 in

153 917 235 980 cunia
257 922 426 984 numerata
448 921 571 986 traditis
593 925 625 985 et
647 921 757 985 solutis
781 924 813 985 et
833 920 931 985 libere
954 920 1181 1000 resignavimus
1204 919 1334 984 domino
1350 919 1446 983 Ever-

153 1025 213 1104 rdo‚
246 1026 364 1092 vicario
399 1028 531 1093 ecclesie
553 1029 655 1094 sancti
676 1027 829 1094 lobannis
861 1028 1013 1112 predicte,
1047 1027 1160 1092 rectori
1193 1026 1300 1091 altaris
1336 1030 1446 1093 sancte

153 1135 211 1198 ucis
233 1136 265 1199 in
296 1136 409 1201 eadem
443 1135 585 1218 ecclesia,
617 1156 728 1203 arcam
750 1142 903 1217 nostram,
935 1156 1031 1220 quam
1055 1136 1217 1201 Alhardus
1239 1136 1377 1218 piscator
1398 1136 1446 1200 in-

153 1242 243 1308 bitare
267 1246 440 1323 consuevit,
462 1245 506 1310 itu
528 1245 614 1328 quod
636 1245 722 1311 idem
737 1246 885 1310 dominus
899 1245 1101 1311 Everhardus
1124 1248 1156 1310 et
1177 1244 1227 1310 sui
1245 1263 1445 1310 successores

161 1351 223 1434 ipsa
245 1372 321 1418 area
343 1353 525 1419 habitantes
548 1353 675 1419 solvant
708 1356 801 1419 annis
834 1353 964 1436 singulis
991 1354 1083 1418 trium
1107 1352 1281 1419 solidorum
1303 1352 1445 1418 redditus

177 1461 298 1527 eadem.
356 1460 428 1527 Tali
460 1461 561 1526 eciam
596 1462 791 1541 condicione,
825 1461 912 1544 quod
944 1460 1028 1526 idem
1062 1460 1210 1526 dominus
1243 1458 1445 1524 Everbardus

153 1567 284 1634 udonem
317 1569 400 1635 inter
431 1589 491 1634 nos
525 1574 557 1634 et
591 1571 695 1653 ipsum
728 1570 916 1634 existentem
944 1569 1011 1651 ipse
1032 1587 1118 1634 nunc
1138 1571 1181 1633 ad
1202 1587 1335 1652 presens
1357 1568 1444 1634 solus

153 1673 345 1742 cedificxbit
367 1679 525 1762 expensis.
567 1678 608 1744 Et
629 1698 701 1744 cum
724 1677 809 1743 idem
844 1677 951 1761 glinde
985 1676 1097 1741 iterato
1131 1677 1270 1742 construi
1294 1676 1391 1741 debet
1412 1680 1444 1741 et

153 1781 248 1862 iflcari,
270 1789 387 1851 extunc
409 1805 469 1850 nos
491 1806 563 1853 cum
587 1787 656 1871 ipso
678 1787 809 1853 domino
831 1785 1014 1851 Everhardo
1037 1784 1191 1869 equaliter
1211 1788 1443 1853 construemus.

153 1892 197 1957 rod
226 1893 252 1958 si
284 1912 350 1959 non
384 1894 560 1973 fecerimus,
594 1898 711 1960 extunc
743 1894 926 1977 glindonem
960 1913 1058 1960 unam
1091 1895 1131 1959 ab
1165 1894 1226 1959 alic
1257 1897 1349 1978 parte
1371 1913 1445 1960 aree

153 2001 200 2065 ius
221 2002 343 2067 domini
363 2002 539 2069 Everhardi
567 2003 626 2069 soli
647 2004 764 2069 nostris
796 2005 1016 2068 construemus
1038 2003 1195 2086 expensis.
1239 2001 1445 2068 Presentibus

155 2111 232 2177 mino
253 2111 401 2194 Ludgero
423 2112 539 2178 vicario
562 2112 693 2178 ecclesie
715 2110 998 2176 sancti.Johannis
1020 2110 1178 2194 predicte;
1216 2110 1381 2178 Gerhardo
1402 2112 1443 2177 de

153 2219 294 2302 aelherge
317 2221 433 2298 milite;
456 2220 601 2286 Johanne
625 2221 672 2287 de‘
686 2220 778 2299 AIcn,
802 2220 989 2304 Gyselberto
1012 2218 1052 2284 de
1074 2219 1296 2304 Byssendorpe
1318 2220 1443 2286 famulis

174 2326 239 2393 aliis
272 2327 450 2410 fidedignis.
494 2328 530 2393 ln
563 2330 653 2413 anus
685 2330 736 2394 rei
764 2329 982 2394 testimonium
1017 2348 1076 2411 ego
1106 2327 1267 2394 lohannes
1289 2329 1329 2395 de
1350 2330 1442 2395 Rode

153 2437 270 2502 lonicus
296 2436 426 2502 ecclesie
459 2436 561 2502 sancti
582 2436 739 2502 iohannis
772 2437 912 2521 predicte
945 2437 1078 2520 sigillum
1110 2455 1218 2503 meum
1241 2439 1441 2522 presentibus

153 2543 435 2628 xiapponendum.
479 2544 547 2627 Ego
568 2565 644 2610 vero
666 2545 873 2610 Bernhardus
895 2546 1057 2629 predictus
1078 2545 1178 2628 sigillo
1203 2564 1348 2630 appenso
1370 2566 1440 2611 sum

153 2653 267 2717 rtentus
288 2652 321 2717 iu
335 2651 554 2718 testimonium
578 2655 816 2737 premissorum.
848 2653 966 2719 Datum
982 2651 1190 2735 Osembruge
1213 2673 1299 2719 anno
1312 2654 1440 2719 Domini

153 2756 220 2826 'CC‘
240 2759 450 2842 nonagesimo
472 2759 565 2840 Vlll⁰‚
589 2762 691 2844 vigilia
713 2763 906 2828 ascensionis
928 2761 1055 2828 Domini
1077 2762 1231 2845 ejusdem.
1271 2848 1275 2853 ‚

222 2890 496 2978 litonbctltrrniqrs
519 2892 647 2979 otenel:
691 2900 779 2963 anter
812 2893 1191 2979 tttditrtturumrotmunp
1218 2894 1291 2962 oben
1314 2895 1440 2980 boatus

153 2999 353 3086 asotorum,
385 3007 478 3070 anton
509 3002 560 3070 ber
581 3002 715 3073 tntreubc
737 3005 917 3090 &titulun
962 3003 1132 3087 Unldrilt:
1168 3000 1199 3070 S.
1221 3003 1374 3070 iohannis
1398 3006 1439 3071 de
1475 2984 1479 2993 ⁸

154 3108 190 3172 de
212 3109 355 3175 canonici
378 3109 410 3174 S.
433 3109 502 3178 Joh.
526 3111 603 3177 Osn.

204 3289 225 3358 ¹)
244 3288 286 3348 bt
304 3289 371 3346 mitt
391 3289 459 3348 oben
478 3291 529 3347 nr.
547 3292 600 3347 437
613 3292 768 3360 Vechtorpe
789 3297 925 3363 granant}
945 3296 975 3348 es
995 3292 1023 3363 itt
1047 3292 1127 3364 babet
1145 3292 1314 3365 amritrltrntt.
1333 3293 1365 3350 ob
1385 3293 1437 3363 irin

153 3387 226 3432 nome
244 3383 299 3434 bon
318 3375 452 3448 fficmmup
472 3377 511 3435 bri
531 3377 628 3449 melpsa
647 3378 709 3436 obet
734 3386 787 3437 bon
806 3379 943 3451 {licitum
966 3379 1012 3436 ar.
1031 3379 1203 3451 iborrnborls
1220 3380 1381 3452 bergulrltm
1401 3381 1437 3454 tit.

153 3707 167 3756 ²·
186 3727 227 3740 -
248 3691 398 3774 Utrum
419 3692 513 3774 1298,
535 3692 611 3766 illei
633 3693 684 3765 16.

266 3824 427 3910 &cabiloni
460 3825 609 3909 (bitetten
649 3846 707 3896 oon
741 3829 871 3898 bremen
912 3828 1066 3913 octlprirbt
1110 3831 1165 3897 ben
1202 3830 1344 3915 naccon
1377 3849 1436 3899 oon

263 3933 515 4126 ξὲῗξοξτΐὲαεθίῑί
537 3933 645 4019 belod)
679 3937 730 4004 bes
763 3937 890 4022 nimiter
913 3938 1120 4024 Sotrmorttco
1154 3957 1187 4023 pu
1210 3938 1435 4024 illitbcttoulcn

360 4176 507 4320 Dgptnot:
527 4175 712 4248 erecturam.
746 4177 879 4249 (trudunt
897 4179 938 4235 bri
957 4178 1123 4250 blatteum.
1140 4179 1292 4252 mundities
1311 4182 1393 4242 nm.
1413 4185 1436 4267 ΙΙ

359 4266 374 4319 1
413 4266 437 4320 1.

221 4381 416 4448 Giselbertus
437 4383 496 4448 Dei
528 4385 629 4466 gratia
660 4389 769 4450 sancte
803 4384 984 4451 Bremensis
1017 4388 1148 4453 ecclesie
1178 4387 1434 4473 archiepiscopus

153 4489 218 4555 cotis
238 4491 270 4556 iu
292 4490 417 4556 Christo
452 4493 633 4558 consulibus
666 4512 724 4558 seu
756 4493 892 4559 scabinis
915 4495 1216 4579 Osnaburgensibus
1245 4497 1379 4562 salutem
1403 4504 1434 4564 et

153 4613 197 4662 me
215 4598 345 4666 bonum.
388 4599 506 4667 Notum
541 4602 682 4680 facimus.
717 4602 803 4686 quod
836 4603 925 4668 vobis
958 4607 990 4667 et
1023 4604 1171 4668 omnibus
1193 4605 1304 4669 vestris
1326 4607 1433 4671 venire

153 4700 274 4773 lentibus
305 4707 349 4773 ad
381 4707 483 4774 iomm
518 4714 662 4776 nostrum
695 4712 812 4777 annale
844 4713 910 4776 sive
953 4712 1111 4778 nundinas
1145 4712 1367 4778 Wildeshusen
1401 4715 1432 4779 in

153 4812 186 4876 rto
203 4816 300 4884 sanai
315 4815 454 4885 Odolrici
475 4837 561 4884 nunc
581 4822 716 4885 venturo
736 4821 880 4904 proxime
898 4820 1042 4884 veniendi
1060 4824 1091 4885 et
1111 4821 1265 4886 redeundi
1287 4840 1434 4890 securum

153 4923 275 4993 mamus
296 4925 490 4996 conductum
511 4947 571 5012 pro
593 4928 742 4996 omnibus
764 4928 867 4996 facere
889 4948 927 4995 ac
948 4927 1105 4994 dimittere
1134 4928 1312 4996 volentibus
1334 4931 1434 4997 nostri

1159 5038 1221 5109 21*
