3210 5354
743 323 812 379 1283
1406 309 1442 372 'll

221 493 257 558 lu
291 494 422 559 nomine
453 495 583 557 sanctae
616 495 648 556 et
682 490 862 556 individuae
884 490 1029 555 trinitatis
1061 510 1166 556 amen.
1210 489 1363 557 Ecbertus
1387 488 1444 554 [lei

147 603 199 667 alia
227 623 335 668 comes
357 602 389 666 in
412 601 569 665 Benthem
603 598 752 665 omnibus
785 599 816 661 in
849 603 1037 681 perpetuam
1072 599 1215 664 notitiam
1248 599 1292 662 rei
1326 603 1445 680 gestae.

147 711 186 774 uia
205 711 268 774 dies
291 709 428 774 hominis
450 709 564 774 breves
586 710 659 773 sunl
682 711 714 772 et
736 708 889 772 memoria
911 707 1054 790 ejusdem
1078 707 1190 785 labilis,
1223 707 1337 772 idcirco
1359 709 1445 789 quod

147 819 217 882 uitur
237 821 382 900 tempore
404 817 494 882 facile
516 815 632 881 labitur
652 834 724 881 cum
748 818 902 897 tempore,
925 815 983 878 nisi
1006 816 1141 881 durabili
1161 816 1336 880 litterarum
1359 818 1446 881 testi-

147 927 209 991 onio
229 926 405 1003 roboretur,
428 925 501 990 hinc
522 928 570 989 est
591 924 678 1007 quod
701 943 759 989 uos
775 923 930 987 universis
947 926 979 987 et
997 924 1126 1006 singulis
1142 928 1208 988 tam
1225 924 1446 1005 praesentibus

147 1053 201 1097 uam
232 1035 355 1099 luturae
387 1034 580 1117 posteritatis
612 1032 802 1111 hominibus,
835 1032 877 1097 ad
910 1052 990 1115 quos
1021 1051 1173 1116 praesens
1199 1034 1350 1115 scriplum
1373 1052 1447 1116 per-

147 1144 229 1220 currit,
251 1148 362 1208 notum
385 1162 454 1207 esse
477 1142 632 1220 volumus,
656 1142 743 1225 quod
765 1161 823 1206 nos
846 1140 886 1205 de
908 1141 1056 1206 concordi
1078 1147 1109 1206 et
1132 1143 1271 1207 unanimi
1289 1162 1446 1208 consensu

147 1253 250 1316 eminae
273 1251 454 1333 Hadewigis
486 1251 593 1316 uxoris
626 1255 765 1328 nostrae,
799 1250 986 1316 cometissae
1016 1249 1049 1315 in
1071 1249 1239 1328 Benlhem‚
1272 1250 1444 1316 liberorum

147 1363 279 1424 oslrorum
303 1361 439 1437 ottonis,
472 1359 602 1424 loannis
634 1363 665 1423 et
686 1358 811 1424 Ecberli
831 1361 897 1442 jam
920 1363 1078 1436 natorum,
1111 1359 1254 1423 omnium
1289 1357 1444 1424 heredum

148 1485 176 1529 re
193 1466 378 1532 coheredum
402 1471 584 1534 nostrorum
608 1466 808 1533 vendidimus
831 1487 891 1549 pro
912 1467 1039 1549 triginta
1063 1466 1204 1549 quinque
1226 1468 1340 1531 marcis
1354 1467 1446 1533 Mou-

147 1576 319 1641 sleriensium
352 1576 553 1642 denariorum
587 1576 734 1658 legalium
768 1577 949 1659 praeposito
988 1579 1020 1638 el
1060 1577 1227 1640 conventui
1263 1576 1446 1641 monialium

147 1685 224 1749 euobii
243 1688 373 1751 sanctae
395 1684 512 1750 Mariae
546 1685 586 1749 de
609 1684 721 1750 Novati
755 1683 874 1748 ordinis
896 1683 983 1748 beali
1005 1683 1168 1749 Benedicti
1189 1684 1446 1750 Monasteriensis

147 1792 250 1859 beoesis
272 1795 473 1860 advocatiam
496 1793 668 1876 quandam,
700 1811 797 1875 quam
831 1810 891 1856 nos
924 1795 956 1855 et
985 1792 1202 1873 progenitores
1224 1794 1324 1858 nostri
1346 1811 1448 1876 usque

147 1901 223 1967 dhoc
243 1909 370 1985 tempus
393 1902 563 1966 habuimus
585 1901 616 1964 in
638 1900 730 1966 bonis
755 1904 786 1963 et
807 1898 990 1964 hominibus
1012 1899 1183 1965 domorum
1207 1905 1238 1966 et
1261 1920 1445 1967 mansorum

147 2011 187 2077 ria
202 2013 350 2096 paludem
372 2009 535 2095 praedicto
558 2009 692 2074 cenobio
713 2008 927 2090 adjacentium
950 2007 992 2071 ab
1016 2008 1092 2090 ipsis
1114 2010 1296 2091 praeposito
1319 2015 1350 2074 el
1371 2030 1449 2076 con-

147 2127 200 2186 rnlu
219 2121 388 2206 praedictis
410 2121 442 2186 in
464 2123 655 2203 perpetuum
685 2117 783 2182 libere
806 2121 838 2180 et
861 2116 967 2198 quiete
989 2117 1227 2199 possidendam,
1261 2138 1356 2184 omne
1385 2122 1447 2204 jus,

147 2227 236 2312 lquod
268 2229 470 2295 habebamus
503 2228 534 2292 in
568 2225 651 2291 dicta
685 2224 850 2289 advocatia
883 2223 931 2287 vel
961 2223 1081 2288 habere
1109 2229 1294 2307 poteramus
1316 2247 1446 2311 quoquo

147 2337 209 2417 rodo,
230 2339 324 2422 plene
347 2341 378 2402 et
400 2337 496 2420 plane
518 2337 549 2401 in
572 2353 687 2400 manus
708 2334 943 2417 praedictorum
966 2333 1136 2415 praeposili
1165 2339 1196 2398 el
1218 2339 1394 2401 conventus
1416 2340 1447 2401 el

147 2463 174 2508 uu
201 2447 326 2512 aliunde
366 2446 434 2511 sine
467 2444 673 2509 diminutione
708 2441 848 2524 qualibet
881 2441 932 2523 pie
966 2446 997 2505 et
1027 2440 1125 2506 libere
1154 2443 1356 2525 resignando.
1400 2443 1448 2509 Ne

147 2557 209 2618 utrm
240 2553 423 2638 hujusmodi
459 2552 670 2617 venditionem
704 2554 846 2615 nostram
877 2552 943 2613 tam
965 2549 1173 2632 solempniter
1194 2550 1311 2616 factam
1335 2551 1448 2636 aliquis

147 2661 280 2739 temtum,
314 2662 468 2727 heredum
503 2680 559 2724 seu
593 2659 785 2724 coheredum
821 2661 1002 2722 nostrorum
1038 2657 1237 2739 aliqualenus
1269 2659 1369 2741 possit
1401 2661 1448 2724 in-

147 2768 244 2853 ingere,
276 2774 309 2836 in
342 2772 387 2834 rei
419 2774 528 2852 gestae
560 2768 718 2833 sufficiens
750 2766 967 2831 testimonium
994 2767 1127 2848 sigillum
1152 2773 1306 2848 nostrum,
1341 2771 1447 2834 uxoris

147 2882 239 2959 atrae,
271 2899 331 2944 nec
366 2898 431 2943 nou
464 2879 560 2943 eliam
591 2873 778 2940 venerabilis
800 2875 897 2956 patris
920 2873 1019 2938 nostri
1042 2876 1161 2939 domini
1185 2875 1360 2941 Everhardi
1382 2879 1448 2960 epi·

147 2986 470 3068 opillonasteriensis‚
495 2986 580 3069 quod
603 2983 720 3067 apponi
742 2984 921 3065 petivimus,
953 2985 1174 3066 praesentibus
1197 2992 1271 3051 sunt
1292 3006 1447 3071 appensa.

147 3097 229 3160 loos
255 3093 457 3159 Euerhardus
488 3093 543 3157 Dei
576 3093 675 3174 gratia
696 3090 954 3156 Monasteriensis
988 3093 1155 3176 episcopus
1188 3095 1362 3176 praemissa
1394 3115 1445 3160 re·

147 3204 318 3282 uuoscimus
352 3221 422 3267 esse
456 3220 531 3266 vera
564 3205 595 3264 et
626 3199 725 3282 rogali
759 3199 892 3280 sigillum
915 3203 1059 3264 nostrum
1082 3201 1199 3282 apponi
1223 3201 1445 3268 mandarimus

147 3310 177 3374 ric
201 3311 326 3394 scripto,
359 3311 419 3375 sub
450 3308 629 3374 testimonio
652 3308 826 3390 proborum
850 3309 999 3387 virorum,
1022 3309 1216 3390 clericorum,
1249 3311 1382 3377 militum
1415 3317 1447 3377 et

147 3418 232 3484 lorum
254 3420 474 3497 honestorum,
508 3436 644 3500 quorum
667 3416 746 3482 haec
768 3419 843 3480 sunt
865 3418 1013 3482 nomina:
1048 3418 1221 3484 Wernerus
1245 3422 1445 3504 praepositus

170 3527 267 3593 Rothe
300 3530 430 3592 sanctae
462 3525 589 3604 Mariae,
627 3525 776 3590 Albertus
814 3524 963 3590 sacerdos
997 3526 1178 3609 capellanus
1212 3529 1242 3593 in
1277 3529 1445 3610 Benthem‚

147 3635 180 3699 tto
204 3638 304 3702 dictus
334 3634 527 3699 Kersekorei
552 3634 674 3717 dapiler
695 3637 727 3698 in
749 3633 918 3711 Benthem
954 3633 1154 3701 Everhardus
1177 3636 1217 3702 de
1240 3637 1444 3722 Quendorpe,

147 3747 278 3810 eruardus
311 3744 352 3809 de
385 3742 583 3825 Sebelingen‚
628 3743 720 3827 Hugo
753 3745 855 3809 dictus
887 3741 994 3821 Ursus
1039 3743 1189 3810 Gerlacus
1221 3746 1262 3810 de
1290 3747 1443 3825 Beveren‚

147 3850 244 3919 irolaus
276 3853 317 3918 de
349 3851 451 3930 Turn,
486 3852 646 3917 Arnoldus
679 3853 719 3917 de
754 3852 928 3929 Dedehem‚
962 3851 1114 3918 Ludolius
1141 3855 1184 3918 de
1214 3855 1443 3931 Seoneuvelda

147 3963 253 4041 ruricus
283 3963 323 4026 de
346 3961 451 4026 Rethe
474 3962 596 4039 milites,
631 3961 792 4027 castellani
825 3962 855 4025 in
879 3961 1045 4039 Benthem‚
1079 3963 1280 4029 Gerehardus
1311 3969 1341 4029 et
1366 3963 1444 4030 Bar·

147 4086 197 4134 rus
227 4072 308 4135 tilius
343 4071 410 4151 ejus
444 4071 484 4135 de
517 4070 657 4147 Sceveb,
702 4068 891 4135 Wilhelmus
924 4071 1026 4135 dictus
1060 4071 1151 4150 voth,
1196 4073 1370 4139 Hernestus
1404 4075 1444 4139 de

147 4195 250 4256 ereren,
284 4177 440 4261 Hynricus
463 4184 493 4242 el
516 4179 699 4243 Bernardus
730 4178 843 4243 fratres
865 4178 936 4244 dicti
959 4180 999 4244 de
1021 4180 1221 4264 Sebelingem
1257 4181 1444 4246 Wilhelmus

147 4291 199 4352 aus
221 4287 349 4364 Cincka
373 4285 545 4350 Wernerus
567 4288 608 4352 de
632 4286 733 4365 Reda,
756 4288 937 4353 Bernardus
961 4288 1001 4352 de
1024 4288 1238 4371 Ludighusen‚
1266 4288 1444 4354 Ererardus

163 4394 276 4462 Bakelo
311 4394 420 4459 famuli
454 4399 485 4458 et
519 4395 568 4458 alii
602 4414 698 4476 quam
729 4396 845 4479 plures.
889 4397 1005 4461 Actum
1037 4401 1069 4460 et
1091 4398 1201 4462 datum
1224 4398 1255 4461 in
1278 4397 1444 4477 Benlhem‚

147 4523 183 4569 no
204 4504 385 4571 dominicae
416 4502 638 4566 incarnationis
671 4503 837 4567 millesimo
871 4503 1088 4570 ducentesimo
1120 4506 1313 4587 octogesimo
1342 4507 1444 4586 tertio,

147 4618 210 4681 arto
233 4610 395 4680 Calendas
416 4611 624 4694 Septembris,
