3210 5354
166 532 205 544 -
230 496 325 579 1288,
348 496 466 584 bunut
487 496 538 567 14.

236 630 298 698 §bie
320 628 453 713 ffitfdtfe
475 628 628 713 dcetbctt
657 648 716 697 uon
746 629 885 711 bllator
918 631 979 700 unt
1009 631 1132 700 unntcb
1161 647 1221 698 nnn
1242 628 1415 697 Danatrdd

235 738 373 821 tollebar
407 739 462 806 mit
496 736 704 822 gallinicum
737 737 817 821 ittet
844 738 966 822 auertet
1000 739 1061 808 aab
1095 739 1175 824 ittet
1201 736 1414 818 ibienfmcnm

235 847 358 930 [datlen
381 848 429 915 eta
451 846 596 914 utulate
629 864 663 931 gu
694 845 915 932 gegenfebtgem
938 848 1041 931 &dut
1071 847 1133 916 unt
1165 849 1212 915 ctu
1235 845 1413 914 utrumme

233 955 306 1024 tibet
338 955 384 1023 bie
418 954 619 1040 flebunttung
653 972 712 1022 oon
746 954 958 1042 beatianam
992 958 1053 1024 unt
1085 956 1139 1025 ben
1163 955 1318 1041 ltusgtetct
1354 973 1413 1023 uon

236 1061 464 1149 &ttdfigtctten
486 1063 567 1148 ittet
589 1063 806 1147 ilntetttnncn.
850 1063 922 1150 agi.
945 1063 1004 1134 ut.
1025 1065 1063 1146 ΙΙ,
1087 1063 1144 1133 ute.
1166 1065 1239 1132 464.

332 1220 479 1292 uagina:
498 1220 669 1290 memorare.

194 1363 398 1431 Everhardus
419 1365 677 1431 Monasterieusis
706 1366 738 1428 et
760 1361 927 1429 Conradus
949 1363 1205 1446 osnaburgensis
1234 1363 1291 1428 Dei
1313 1365 1413 1446 gratia

157 1471 271 1536 siarum
296 1475 434 1556 episcopi
456 1474 611 1538 universis
623 1475 789 1554 presentes
810 1471 931 1537 litteras
945 1473 1056 1537 visuris
1069 1477 1101 1538 et
1111 1473 1263 1538 audituris
1276 1473 1411 1538 salutem

157 1598 314 1661 ignoscere
335 1582 511 1646 veritatem.
541 1581 659 1647 Notum
682 1580 723 1644 sit
745 1580 893 1662 omnibus
905 1583 1072 1663 presentes
1083 1581 1203 1646 litteras
1215 1579 1411 1663 inspecturis,

157 1708 234 1753 ¹nos
257 1707 330 1752 cum
353 1689 497 1772 capitulis
530 1689 648 1755 nostris
680 1690 854 1773 majoribus
887 1693 919 1752 et
951 1689 1201 1755 ministerialium
1229 1693 1411 1754 nostrorum

157 1797 269 1861 enitate
301 1798 557 1862 confederatione
590 1800 747 1880 perpetua
777 1798 808 1860 in
842 1797 979 1861 articulis
1017 1797 1201 1880 subscriptis
1234 1797 1410 1863 adinvicem

157 1906 260 1970 ederati
295 1926 427 1971 sumus:
472 1905 597 1971 Primus
631 1905 780 1970 articulus
811 1908 869 1984 est,
902 1904 988 1987 quod
1022 1906 1141 1970 mutuis
1173 1906 1411 1971 defensionibus
1429 1915 1455 1973 1.

157 2033 322 2099 uscumque
336 2021 366 2079 et
382 2015 668 2097 qualibuscumque
679 2013 794 2077 nostris
807 2011 1041 2094 injuriatoribus
1061 2013 1255 2095 resistemus,
1278 2034 1411 2079 venera·

157 2127 231 2188 latre
254 2123 385 2189 domino
404 2123 585 2188 Coloniensi
608 2173 615 2187 .
639 2173 646 2188 .
670 2121 906 2204 archiepiscopo
929 2124 1072 2204 excepto,
1095 2123 1293 2189 ordinatione
1316 2124 1410 2188 etiam

175 2231 367 2315 errantique
400 2233 481 2295 inter
514 2231 679 2296 ecclesiam
703 2230 986 2312 osnaburgensem
1020 2235 1052 2294 et
1072 2230 1271 2297 Mindensem
1298 2234 1329 2297 in
1352 2252 1410 2299 suo

157 2359 183 2404 re
204 2341 366 2405 duratura.
389 2338 556 2403 Secundus
579 2341 637 2416 est,
659 2339 685 2402 si
698 2337 837 2402 vasallus
858 2337 909 2401 vel
930 2337 1141 2404 ministerialis
1152 2340 1410 2407 Monasteriensis
1427 2351 1454 2407 2.

157 2447 403 2530 tlsnaburgensis
426 2446 556 2511 ecclesie
578 2447 747 2511 excesserit
769 2445 802 2532 in
823 2445 940 2528 aliquo,
962 2464 1070 2511 coram
1093 2446 1224 2513 domino
1245 2469 1305 2514 suo
1327 2452 1410 2534 epis-

172 2558 211 2622 ad
232 2576 288 2621 εει
311 2558 506 2639 septimanas
529 2555 752 2632 convenietur;
786 2555 812 2618 si
845 2572 921 2618 vero
954 2573 1013 2619 nec
1045 2555 1077 2618 in
1107 2556 1178 2638 J'ure
1200 2557 1249 2621 vel
1272 2558 1410 2623 amicitia

157 2666 289 2745 insuerit,
311 2668 447 2748 utraque
470 2666 601 2731 ecclesia
622 2685 682 2748 pro
693 2664 785 2730 hoste
797 2664 965 2730 manifesto
978 2684 1052 2729 eum
1075 2667 1245 2749 reputabit.
1278 2650 1409 2735 Tercius
1427 2681 1453 2737 3.

157 2774 174 2837 si
194 2774 307 2856 aliquis
330 2773 362 2838 in
384 2774 538 2839 criminali
560 2792 658 2840 causa
674 2773 893 2858 deprehensus
905 2773 1008 2852 fuerit,
1027 2773 1180 2858 judicium
1203 2776 1345 2841 seculare
1368 2779 1409 2843 de

157 2884 209 2947 rmi
230 2887 348 2968 potest,
370 2885 395 2949 si
417 2904 493 2950 vero
516 2904 606 2950 mora
628 2885 721 2949 unius
735 2885 834 2949 noctis
846 2884 1049 2948 intervenerit
1071 2884 1112 2949 ad
1134 2904 1191 2950 sex
1213 2887 1408 2968 septimanas

157 3012 166 3058 >
205 2994 387 3078 supradicto
422 2997 635 3062 convenietur.
691 2994 830 3072 Quartus
873 2997 930 3074 est,
976 2995 1061 3077 quod
1094 2995 1235 3060 civitates
1268 2997 1407 3080 episcopi
1424 3008 1452 3064 4.

157 3103 321 3168 meriensis
356 3103 422 3168 sive
454 3104 711 3187 Osnaburgensis
733 3103 879 3168 homines
900 3102 1016 3169 litones
1041 3103 1273 3187 episcoporum,
1308 3106 1408 3172 eccle·

157 3230 193 3294 m,
224 3214 475 3280 ministerialium
498 3216 565 3280 sine
588 3214 751 3280 voluntate
773 3216 914 3297 ipsorum
937 3215 968 3279 in
990 3213 1074 3278 cives
1096 3213 1226 3278 minime
1247 3215 1407 3297 recipient.

157 3323 201 3387 tus
223 3327 280 3403 est,
315 3323 402 3406 quod
435 3325 467 3387 et
499 3323 592 3389 unius
626 3326 659 3388 et
692 3323 821 3388 alterius
855 3323 985 3388 ecclesie
1019 3322 1166 3388 homines
1193 3323 1224 3386 in
1245 3324 1408 3389 territoriis
1426 3338 1451 3396 5.

157 3432 241 3496 vtrius
260 3432 380 3516 judicio
403 3432 482 3498 civili
506 3434 653 3517 occupari
687 3433 735 3497 vel
770 3433 917 3497 arrestari
949 3450 1012 3496 non
1049 3431 1177 3510 debent,
1209 3431 1269 3495 nisi
1299 3450 1407 3497 coram

157 3558 194 3604 no
224 3559 284 3607 suo
317 3542 360 3607 ad
392 3560 449 3606 εει
482 3543 679 3624 septimanas
715 3541 831 3605 fuerint
862 3533 1019 3605 conventi.
1075 3539 1191 3604 Sextus
1224 3542 1282 3619 est,
1321 3541 1408 3622 quod
1426 3553 1452 3607 6.

157 3647 229 3714 labit
251 3649 383 3714 ecclesia
404 3649 662 3715 Monasteriensis
695 3670 751 3715 εει
783 3649 897 3715 milites
920 3652 952 3714 et
973 3648 1230 3730 Osnaburgensis
1251 3667 1318 3727 εει,
1354 3649 1408 3733 qui

157 3756 261 3822 oloco
283 3758 365 3822 inter
387 3758 539 3843 dyoceses
574 3760 633 3825 sibi
667 3763 834 3825 occurrent
866 3761 898 3823 et
930 3777 1059 3824 omnem
1082 3775 1240 3840 gwerram
1263 3761 1407 3824 exortam

167 3863 313 3930 homines
336 3868 540 3932 ecclesiarum
562 3869 798 3945 terminabunt;
830 3868 854 3932 si
887 3886 963 3931 vero
995 3866 1165 3932 terminare
1197 3868 1406 3951 nequiverint,

157 3973 274 4038 ominos
302 3976 467 4059 utriusque
500 3977 599 4058 partis
632 3995 778 4041 recursus
800 3975 990 4049 habebitur;
1024 3976 1049 4039 si
1071 3995 1147 4040 vero
1169 3976 1244 4058 ipsis
1266 3996 1332 4041 non
1354 3996 1406 4042 ac-

157 4085 247 4162 erint,
269 4083 379 4148 hostes
401 4087 486 4169 ipsos
508 4086 694 4151 manifestos
715 4085 920 4166 reputabunt.
964 4083 1124 4166 Septimus
1147 4086 1205 4162 est,
1228 4085 1253 4147 si
1270 4086 1406 4149 necessi·
1424 4087 1450 4143 7.

162 4192 329 4275 ingruente
362 4212 427 4258 una
462 4194 593 4259 ecclesia
637 4194 788 4259 auxilium
830 4193 958 4257 alterius
990 4192 1191 4272 invocaverit,
1224 4191 1405 4258 invocatum

157 4321 212 4367 um
235 4303 269 4368 in
291 4304 434 4368 terminis
456 4323 514 4368 sue
527 4305 671 4388 dyocesis
682 4305 713 4367 in
730 4303 878 4386 expensis
892 4301 1083 4384 procurabit,
1106 4302 1162 4367 sed
1186 4302 1225 4367 de
1247 4303 1406 4386 dampnis,

158 4412 340 4478 efortassie
363 4413 535 4491 evenerint,
568 4432 633 4478 non
660 4412 876 4495 respondebit.
921 4410 1059 4475 Octavus
1082 4414 1139 4491 est,
1172 4411 1197 4474 si
1220 4412 1403 4495 episcopum
1424 4419 1449 4475 8.

167 4521 215 4586 vel
238 4522 353 4587 cedere
375 4523 551 4604 contigerit,
573 4540 738 4587 successor
760 4540 838 4585 suus
859 4519 922 4584 fide
945 4520 1020 4584 data
1041 4519 1215 4602 promittet,
1241 4539 1276 4583 se
1299 4521 1406 4586 omnia

157 4629 217 4694 issa
229 4633 429 4695 servaturum
444 4635 474 4696 et
488 4631 560 4696 talis
574 4630 788 4697 confederatio
809 4649 868 4712 per
889 4647 948 4694 nos
970 4628 1053 4692 facta
1074 4630 1106 4692 et
1127 4646 1185 4710 per
1207 4648 1406 4695 successores

156 4755 189 4801 os
208 4736 262 4821 qui
285 4756 345 4821 pro
366 4741 512 4822 tempore
535 4739 650 4805 fuerint
672 4744 832 4805 eteorum
847 4737 1093 4803 ministerialium
1106 4736 1146 4822 (l)
1158 4736 1198 4801 de
1211 4738 1406 4822 quinquenio

157 4843 371 4930 unquennium
393 4848 608 4914 renovabitur.
651 4848 695 4913 Ut
715 4850 824 4913 autem
846 4848 906 4913 hec
928 4844 1143 4912 confederatio
1165 4865 1223 4930 per
1243 4865 1302 4912 nos
1323 4848 1407 4915 facta

157 4952 281 5021 abutar
300 4959 492 5040 perseveret,
516 4976 536 5022 a
558 4958 650 5023 nobis
672 4961 705 5022 et
715 4955 971 5023 ministerialibus
988 4955 1103 5022 nostris
1115 4955 1179 5024 tide
1200 4957 1277 5024 data
1298 4958 1406 5028 dinos-
