3210 5354
742 320 811 375 1298
1381 298 1444 364 331

143 502 235 549 mum
259 483 443 570 hujusmodi
465 485 601 570 amplius
623 485 787 564 inhabitet,
810 485 913 551 solvat
934 485 974 549 de
996 486 1066 567 ipsa
1082 484 1181 549 domo
1202 482 1296 555 annis
1317 478 1448 563 singulis

144 595 184 658 to
208 592 344 660 domino
355 593 509 661 Renlrido
531 594 642 660 decern
666 598 699 659 et
716 597 789 660 octo
803 593 921 660 solidos
936 593 1139 658 denariorum
1152 589 1446 671 Oseoburgeusium

144 699 262 781 alium,
285 720 405 766 novem
428 702 564 767 infesto
586 701 708 767 Pascha
730 704 762 768 et
784 721 900 767 uorem
923 700 1114 786 Mychahelis
1136 718 1194 784 pro
1216 703 1362 781 tempore
1384 698 1447 762 vite

144 812 201 875 ius
224 810 347 876 domini
362 809 505 875 Renlridi
524 809 655 875 nomine
677 812 867 890 usufructus,
891 812 923 874 el
944 810 989 874 sic
1011 809 1112 875 dictus
1124 808 1275 891 magister
1285 805 1448 872 Johauues

144 938 234 984 mum
260 919 364 1003 ipsam
387 918 517 999 habere,
551 919 700 998 vendere,
733 920 854 984 donare
875 918 991 1001 poterit
1014 921 1045 983 et
1067 918 1108 985 da
1131 903 1202 1001 ipsa
1224 918 1321 982 domo
1355 934 1447 981 suam

144 1027 250 1093 dirrare
273 1027 494 1093 omnimodam
517 1027 724 1108 voluntatem,
748 1032 779 1093 et
801 1027 843 1092 ita
864 1027 1060 1093 renunciavit
1082 1026 1168 1097 idem
1190 1027 1338 1092 dominus
1359 1025 1448 1090 Ren-

144 1135 202 1200 dus
224 1137 312 1201 omni
331 1136 394 1219 juri
415 1135 475 1200 sibi
496 1136 528 1199 in
551 1135 620 1218 ipsa
642 1137 738 1202 domo
760 1134 924 1219 acquisito.
968 1136 1049 1200 Acta
1069 1139 1144 1203 aunt
1165 1134 1226 1200 bec
1247 1133 1448 1218 presentibus

144 1243 301 1310 adescalco
336 1244 377 1309 de
409 1243 637 1326 Svalenberge,
671 1244 827 1323 iohanne,
864 1244 1003 1310 Ertwino
1037 1248 1069 1312 et
1103 1243 1252 1310 Conrado
1285 1241 1375 1307 dictis
1407 1241 1448 1306 de

144 1354 377 1437 smerdestorpe
400 1353 550 1419 iratribus
572 1353 692 1419 civibus
715 1351 1016 1435 Osnaburgensihus
1038 1357 1070 1418 et
1091 1352 1158 1417 aliis
1180 1351 1243 1416 lida
1265 1350 1377 1432 dignis.
1413 1348 1449 1413 ln

144 1463 192 1544 ¹jus
223 1461 270 1526 rei
304 1462 520 1528 testimonium
564 1463 698 1546 sigillum
742 1465 887 1527 nostrum
920 1460 1124 1544 presentibus
1167 1462 1215 1525 est
1257 1476 1447 1541 appensum.

144 1572 329 1635 alamanno
351 1570 477 1635 Domini
500 1569 619 1636 M⁰CC⁰
645 1569 853 1653 nonagesimo
887 1571 1009 1649 octavo,
1043 1568 1074 1634 in
1107 1567 1245 1635 crastino
1277 1565 1448 1632 nativitatis

144 1681 199 1743 rata
219 1676 320 1744 Maria
341 1678 479 1762 virginis.

226 1809 338 1895 erepet
359 1828 401 1877 on
423 1809 724 1895 bergomentltretlen
746 1812 802 1879 mie
826 1810 898 1878 oben
921 1810 977 1878 ilc.
1000 1809 1073 1878 272.

144 2043 182 2113 lt.
201 2085 242 2098 -
263 2047 373 2134 lltrllc,
396 2050 491 2130 1228,
513 2048 701 2134 &oleato
722 2049 774 2121 22

273 2179 376 2250 ititter
397 2180 544 2266 gaalad
567 2198 626 2249 oon
648 2179 749 2260 borne
781 2179 917 2248 lrtuntet
948 2182 998 2248 olo
1019 2179 1159 2266 &ratpot
1187 2199 1221 2265 gu
1252 2179 1358 2258 tlielle,
1390 2176 1449 2257 bol

271 2289 376 2371 itellet
399 2288 491 2370 tlrcla
513 2291 560 2356 atn
583 2290 660 2357 utta
682 2291 714 2357 in
736 2289 857 2372 ltllrup,
890 2290 1005 2372 meldas
1039 2307 1070 2356 er
1100 2289 1165 2356 tarn
1187 2287 1301 2383 tttolm
1323 2286 1447 2367 berleta

271 2397 353 2466 trtd
374 2396 425 2479 itt
448 2399 489 2463 52
512 2397 602 2465 litort
623 2397 755 2480 oetloult
777 2397 866 2480 totle,
898 2416 954 2466 cor
975 2397 1040 2464 ten
1061 2396 1299 2483 (bouetlridrtat
1320 2395 1448 2474 bitem

276 2503 337 2571 unt
359 2504 456 2572 aleten
478 2504 585 2590 stelen
616 2505 681 2572 tem
703 2502 817 2584 ttlrltar
837 2523 871 2590 gu
893 2505 1019 2585 senten
1048 2508 1100 2576 tel
1122 2504 1264 2592 lirrpltra
1287 2504 1447 2591 Sobonnas

273 2612 453 2698 culpetollen
476 2613 535 2697 tot.

367 2744 498 2818 tttlcttttt
518 2745 565 2802 tad
584 2747 628 2801 14.
646 2745 748 2817 {intarta
768 2748 797 2801 ln
816 2744 885 2816 lille.
905 2747 967 2814 217,
985 2747 1027 2802 62.

229 2861 294 2928 Nos
305 2863 491 2930 Fredericus
506 2864 546 2929 de
558 2863 667 2929 Home
690 2864 789 2943 miles,
812 2885 960 2949 regyrare
973 2867 1004 2930 in
1017 2864 1126 2949 aista>
1148 2866 1296 2932 omnibus
1314 2877 1447 2949 presens

145 2966 256 3049 criptum
292 2973 404 3038 visuris
436 2971 585 3038 noticiam
618 2972 663 3036 rei
686 2976 784 3055 gasto.
829 2973 982 3039 Noverint
1008 2974 1146 3040 universi
1168 2976 1330 3058 presentia
1351 2973 1448 3040 visuri

145 3089 172 3136 au
198 3079 341 3159 audituri,
375 3081 461 3163 quod
484 3079 649 3145 Wescelus
682 3080 783 3144 dictus
806 3081 902 3145 Vrese
934 3100 1006 3146 curn
1040 3080 1158 3147 Otlone
1190 3086 1222 3147 et
1242 3081 1448 3147 Frederunde

149 3186 280 3253 aradibus
302 3189 368 3252 suis
389 3188 536 3271 legitimis
558 3187 589 3252 in
611 3188 770 3272 presentia
792 3193 902 3255 nostra
931 3189 1119 3256 constitutus
1146 3191 1277 3257 domum
1300 3193 1393 3257 sitam
1415 3191 1447 3255 in

145 3295 284 3380 stupet)
322 3313 418 3379 quam
453 3295 614 3361 abbatisse
648 3298 680 3360 et
712 3299 881 3362 conventui
912 3300 943 3362 in
964 3297 1208 3383 Barsenbrughe
1232 3299 1448 3366 cisterciensis

146 3398 227 3469 rdinis
259 3403 521 3486 osnaburgensis
564 3404 699 3469 diocesis
742 3406 928 3471 vendiderat
960 3426 1019 3489 pro
1062 3408 1291 3492 quinquaginta
1323 3409 1449 3476 duabus

146 3510 232 3591 tarcis,
254 3511 458 3595 presentibus
480 3511 597 3590 multis,
631 3513 683 3595 qui
705 3522 821 3597 orygem
841 3515 996 3594 dicuntur,
1030 3517 1061 3579 in
1082 3515 1152 3582 loco
1176 3517 1243 3582 Bist
1264 3517 1324 3582 sub
1346 3518 1448 3602 figura

146 3614 210 3683 tdlcii
229 3618 376 3685 Hillekcn
395 3619 503 3703 judice
527 3620 681 3685 existente
704 3623 735 3687 in
768 3641 882 3687 manus
904 3622 1057 3688 lobannis
1089 3625 1241 3709 prepositi
1263 3629 1445 3692 monasterii

146 3731 260 3795 nuolati
282 3730 366 3795 sicut
386 3729 485 3796 libere
507 3731 694 3814 possederat
727 3749 798 3795 cum
822 3730 971 3795 omnibus
993 3733 1057 3795 suis
1076 3733 1200 3816 juribus
1223 3739 1254 3800 el
1276 3735 1448 3801 attinentiis

146 3833 273 3917 simon
295 3837 395 3904 libere
411 3842 442 3904 et
453 3839 599 3905 absolute
612 3844 766 3922 perpetuo
778 3839 1015 3921 possidendam.
1038 3839 1215 3906 Na'autem
1238 3843 1446 3926 inposterum

146 3936 209 4024 iqua
233 3948 359 4030 questio
381 3965 479 4029 super
501 3946 583 4012 facto
607 3950 670 4011 tam
703 3948 879 4013 rationabili
914 3949 997 4014 dicto
1029 3953 1222 4017 monasterio
1243 3951 1349 4018 valeat
1370 3953 1446 4018 sub-

146 4048 187 4129 iri,
216 4075 351 4138 presens
377 4057 529 4139 scripturn
552 4056 667 4121 exinde
688 4057 868 4121 confectum
901 4057 990 4140 sigilli
1011 4061 1111 4125 nostri
1132 4061 1249 4143 placuit
1271 4062 1445 4128 munimine

146 4155 252 4232 boran.
297 4165 413 4229 Actum
436 4168 467 4229 et
489 4164 600 4228 datum
623 4163 699 4242 Bist,
722 4182 807 4228 anno
830 4163 957 4230 Domini
979 4164 1156 4232 M⁰CCXC⁰
1177 4169 1310 4255 octo(!),
1340 4171 1371 4234 in
1394 4169 1445 4234 die

147 4271 241 4338 audcii
262 4273 412 4349 martiris,
446 4273 648 4356 presentibus
669 4272 815 4338 iohanne
838 4273 938 4356 Vulpe
960 4275 1067 4353 milite,
1100 4275 1247 4342 iohanne
1280 4279 1343 4344 silio
1366 4280 1443 4361 eJus,

146 4379 246 4447 nabao
269 4380 311 4446 de
332 4379 441 4458 Boclo,
478 4378 627 4445 Conrado
650 4381 691 4445 de
713 4380 865 4459 Hertnen,
903 4382 1074 4447 Lambarto
1096 4384 1137 4448 de
1160 4383 1359 4464 Wamerele,
1390 4385 1444 4452 Jo-

146 4499 205 4554 une
227 4489 268 4556 de
292 4487 417 4572 Welpc,
440 4487 614 4553 Lamberto
636 4488 806 4569 Cobreten,
829 4490 1003 4569 Absalone,
1025 4491 1188 4558 Lubberto
1209 4492 1320 4573 villico,
1343 4493 1446 4558 Gher-

146 4594 201 4661 ndo
222 4594 350 4664 officiali
372 4597 403 4661 in
425 4595 680 4679 Bersenbrugbe,
703 4597 890 4664 Hermanno
912 4599 1068 4678 Hillikinc,
1090 4599 1236 4665 iohanne
1246 4601 1287 4684 (i)
1310 4599 1443 4680 Kubiuc,

146 4694 267 4770 ’irboldo
290 4704 332 4769 de
354 4702 422 4768 Bist
444 4706 476 4768 et
497 4704 564 4769 aliis
587 4722 684 4787 quam
706 4704 850 4789 pluribus
871 4706 934 4770 fide
956 4706 1067 4787 dignis.

203 4861 226 4929 ¹)
245 4858 346 4930 iliade,
363 4857 450 4930 ttrlpt.
470 4858 664 4930 iturautttdran
683 4858 724 4915 brt
743 4859 861 4918 norrea.
900 4891 931 4899 —
966 4861 988 4928 ²)
1008 4859 1117 4930 ttltrutn
1137 4863 1217 4934 libati
1237 4862 1281 4919 trt
1300 4862 1443 4935 bonoim.

147 4942 220 5017 tim,
234 4944 325 5018 ttrlpt.
344 4943 539 5018 ileumttrdran
558 4946 600 5004 brt
618 4944 738 5006 tilttrn.
