3210 5354
137 306 203 375 232
770 314 840 372 129³

136 490 228 556 titolo
251 508 273 555 a
294 489 466 573 preposito,
500 489 624 554 decano
657 489 688 550 el
720 483 859 568 capitulo
876 483 1025 567 predictis
1047 483 1145 549 domo
1167 480 1308 548 Vissonis
1328 479 1364 546 01

136 600 240 665 husen
263 598 294 663 in
315 597 485 682 parrochia
505 595 556 661 On
579 599 611 661 et
633 595 731 660 domo
752 593 837 658 dicta
858 592 977 660 Rosinc
1003 593 1037 658 in
1057 591 1364 676 parmohiaNovee

136 726 237 792 prope
258 705 415 771 Benthem
437 703 504 770 sitis
526 722 598 770 cum
621 702 814 783 hominibus,
835 703 945 786 pratis,
971 702 1107 786 pascuis,
1129 701 1315 768 nemoribus
1334 719 1364 764 ac

137 815 275 880 malibus
297 812 435 880 denariis
456 813 499 878 ad
520 814 606 896 ipsas
627 813 741 879 domos
763 812 995 895 pertinentibus
1016 829 1054 876 ac
1076 811 1164 877 omni
1182 813 1265 895 jure,
1299 829 1364 895 quot

136 922 327 1009 prepositus,
364 923 505 989 damnus
527 926 559 988 et
581 921 753 1005 capitulum
786 922 817 986 in
849 919 926 1004 ipsis
952 918 1101 986 domibus
1121 922 1154 984 et
1176 938 1287 985 earum
1309 919 1364 984 atti

137 1031 331 1098 habuerunt.
362 1029 548 1112 obligantes
570 1048 629 1094 nos
651 1033 684 1095 et
703 1029 840 1095 heredes
861 1033 987 1095 nostros
1009 1047 1067 1112 per
1088 1030 1257 1111 presentes
1278 1027 1319 1092 ad
1334 1046 1364 1110 pr

137 1140 212 1205 dam
239 1137 369 1222 prefatis
401 1138 571 1222 preposito,
605 1139 727 1204 decano
762 1141 793 1203 et
826 1137 963 1221 capitulo
995 1137 1211 1220 predictarum
1244 1136 1364 1202 domon

137 1247 339 1314 attinentium
360 1246 533 1331 legitimam
556 1248 763 1314 warandiam.
796 1246 833 1312 ln
855 1247 944 1330 qu'us
960 1247 1005 1312 rei
1019 1246 1236 1312 testimonium
1248 1248 1281 1310 et
1291 1265 1364 1329 perp

136 1358 318 1423 firmitatem
341 1356 477 1440 sigillum
490 1361 634 1423 nostrum
652 1356 792 1440 presenti
802 1356 905 1421 littere
920 1355 1069 1422 duximus
1091 1356 1330 1439 apponendum.
1357 1354 1364 1418 l

136 1471 169 1533 et
190 1469 298 1532 actum
320 1466 352 1530 in
375 1469 479 1532 castro
495 1467 604 1532 nostro
617 1465 784 1546 Benthem,
806 1464 1006 1548 presentibus
1020 1463 1177 1531 Wernero
1191 1467 1349 1549 preposito

135 1574 234 1640 Maria
256 1573 289 1640 in
312 1572 415 1654 Rode,
449 1574 600 1658 magistro
622 1573 767 1640 iohanne
802 1573 967 1656 capellano
999 1576 1108 1638 nostro
1131 1575 1190 1638 etc.
1226 1575 1258 1637 et
1291 1571 1354 1637 aliis

135 1683 279 1767 pluribus
301 1680 364 1747 fide
388 1681 499 1766 dignis.
531 1682 628 1749 Anno
648 1682 775 1749 Domini
797 1679 1032 1762 artemitam,
1055 1680 1133 1746 teria
1153 1680 1248 1746 tertia
1268 1680 1364 1764 posti

136 1791 291 1857 Omnium
311 1794 505 1858 sanctorum.

261 1907 385 1993 diepolt:
429 1908 485 1973 Est
516 1906 709 1991 permutatio
741 1907 910 1973 domorum
943 1905 1096 1974 Westhus
1128 1911 1162 1973 ot
1188 1907 1364 1975 Waltratbu

136 2016 284 2085 domibus
306 2019 338 2082 in
360 2016 600 2083 Overinchusen
623 2019 655 2082 et
675 2016 817 2101 Rosync.

138 2221 213 2290 355.
236 2258 277 2272 -
300 2221 395 2293 1293.

246 2354 257 2374 ’
304 2354 420 2434 „taba
444 2350 670 2419 constructum
692 2357 741 2419 est
762 2351 983 2419 molendinum
1005 2372 1106 2437 prope
1127 2351 1322 2419 claustrum“
1340 2350 1364 2438 (l

303 2461 410 2547 bcttd).

401 2595 602 2668 ttutgatdmunp
630 2594 696 2652 but.
726 2595 777 2653 boo
796 2595 898 2667 ttloltcc
917 2594 1093 2666 bettenhaim
1120 2597 1149 2652 tn
1175 2595 1221 2652 bct
1240 2594 1364 2654 6111111111

400 2682 590 2830 ἓξὲξξίῖὲθοῑῑῗ
618 2683 764 2756 (linteolus,
790 2684 956 2754 Farragines
974 2683 1050 2751 XIV,
1071 2682 1123 2738 168
1151 2684 1188 2739 tm
1216 2682 1282 2754 biit.
1310 2682 1364 2738 uro

132 2937 208 3006 356.
232 2976 270 2988 -
294 2938 389 3010 1293.

303 3069 365 3138 ibic
387 3068 602 3152 baronianos
623 3085 683 3134 oon
705 3067 913 3136 {tuotonbnid
947 3067 1103 3149 betunben,
1138 3067 1197 3147 boi
1231 3087 1286 3137 not
1318 3070 1364 3154 ibn

305 3177 427 3247 baubat
449 3196 508 3245 oon
530 3175 628 3255 bolen
651 3175 704 3259 out
737 3178 784 3262 ibt
818 3183 892 3245 etna
928 3179 1056 3246 orechten
1078 3176 1166 3260 lledt
1198 3179 1364 3261 111111111Ξ

304 3287 337 3354 in
359 3285 476 3354 tioium
505 3304 539 3369 111
562 3286 698 3366 (bunum
729 3287 780 3353 beo
810 3286 941 3366 tllolteta
972 3286 1166 3367 bectenlttid
1198 3285 1364 3372 9311111111

301 3394 407 3480 baben.

400 3525 530 3597 tlbldpcitt
549 3524 597 3581 bcss
617 3526 817 3598 1131111111
833 3526 902 3596 litte.
917 3529 978 3595 161,
993 3529 1052 3583 127.
1081 3526 1183 3584 titud:
1203 3527 1364 3599 611111111ῇὲ

261 3644 327 3711 Nos
362 3644 499 3710 universi
533 3645 693 3710 castellani
727 3648 833 3730 oppidi
873 3648 905 3711 in
936 3646 1193 3729 Quakenhrugge
1233 3648 1365 3713 omnibu

141 3755 292 3837 scriptum
326 3755 521 3819 intuentibus
554 3755 585 3818 in
607 3754 746 3820 Domino
778 3755 923 3821 salutem.
967 3754 1099 3818 Summe
1131 3758 1346 3822 necessarium

139 3864 311 3929 honestum
351 3883 553 3948 quecumque
584 3865 767 3948 sollepniter
786 3864 825 3949 (t)
861 3865 939 3928 fiunt
970 3867 1002 3926 et
1040 3861 1202 3926 diffinitive
1237 3868 1364 3946 pertrao

137 3973 254 4056 scripto
289 3973 495 4051 committere,
530 3977 565 4037 ul
598 3974 701 4036 omnis
735 3973 890 4037 dubitatio
923 3974 1123 4055 posterorum
1156 3970 1223 4035 utili
1256 3973 1364 4054 exstirp

134 4080 256 4145 facilius
278 4079 496 4144 adnichiletur.
530 4079 576 4143 Ex
600 4079 660 4143 hoc
683 4080 775 4162 igitur
797 4080 976 4145 discretioni
999 4083 1062 4143 lam
1086 4078 1266 4144 futurorum
1289 4099 1364 4164 quar

137 4190 273 4254 sentium
298 4208 375 4254 sane
397 4190 564 4274 providere
587 4194 734 4254 curantes
756 4190 923 4255 manifeste
945 4188 1154 4267 declaramus,
1177 4189 1266 4270 quod
1283 4188 1364 4253 will

135 4297 287 4364 Gerlacus
310 4301 342 4363 et
363 4298 572 4380 Engelbertus
606 4299 718 4363 fratres
751 4298 823 4363 dicti
857 4298 897 4362 de
921 4297 1022 4361 Halon
1053 4296 1210 4360 decimam
1244 4297 1276 4361 in
1298 4297 1364 4362 Bacl

137 4407 162 4471 si
185 4405 361 4489 quidjuris
384 4411 534 4489 exparte
561 4407 715 4472 heredum
748 4406 993 4471 dinoscebantur
1026 4404 1158 4482 habere,
1191 4406 1234 4471 ad
1267 4426 1364 4472 manu

138 4517 254 4579 ventus
275 4514 306 4577 in
330 4512 571 4596 Bersenbrugge
594 4516 720 4598 penitus
741 4515 990 4595 resignaverunt.
1035 4513 1083 4576 Ne
1106 4533 1182 4578 vero
1216 4517 1349 4597 predicti

133 4626 190 4688 aut
232 4621 346 4704 aliquis
376 4621 531 4686 heredum
561 4642 693 4689 suorum
722 4622 846 4705 pretato
877 4621 1045 4687 conventui
1082 4621 1115 4685 in
1154 4621 1216 4688 hoc
1250 4623 1364 4707 lacto}

133 4729 312 4812 malignari,
347 4730 434 4812 sigilli
457 4731 555 4795 nostri
577 4732 774 4816 appensione
805 4735 837 4797 et
857 4731 985 4796 testium
1007 4730 1216 4797 annotatione
1238 4733 1364 4799 lecimus

134 4837 262 4905 munbi.
307 4838 390 4904 Acta
411 4842 486 4904 sunt
506 4838 566 4904 hec
587 4858 673 4904 anno
688 4837 814 4903 Domini
835 4836 1065 4916 ntccutcllt
1088 4856 1197 4903 coram
1209 4840 1356 4909 iohanne

133 4951 210 5014 tunc
232 4947 397 5031 temporis.
443 4945 659 5012 Intertuemnt
679 4946 751 5011 huic
772 4947 873 5013 iacto:
909 4947 985 5013 Otto
1005 4946 1103 5032 Proyt
1124 4950 1225 5031 miles,
1248 4950 1364 5018 Hinricr
