3210 5354
733 346 802 404 1283
1398 324 1440 396 ut

157 515 254 579 utensi
297 515 457 598 episcope,
496 533 568 579 cum
607 514 744 597 primum
787 515 884 597 ipsius
924 515 1047 597 copiam
1096 514 1216 580 habere
1255 513 1442 596 poterimus,

157 623 261 708 tem(!)
294 624 527 706 resignabimus
560 624 644 690 dicta
672 624 768 689 bona.
813 624 846 689 In
869 625 959 706 cujus
981 624 1053 689 tacti
1076 624 1175 690 robur
1195 627 1227 687 et
1250 622 1441 687 evidentiam

157 751 223 796 *sens
244 732 398 815 scriptum
430 733 529 817 sigillo
560 732 804 799 castellanorum
836 734 867 796 in
890 732 1009 797 Vechta
1031 732 1178 797 dedimus
1200 730 1441 796 communitum.

157 844 210 905 tum
232 846 262 906 et
284 845 392 906 actum
415 843 447 906 in
471 843 600 922 Vecbta,
633 863 719 909 anno
744 843 868 915 Domini
889 839 1177 918 Mrccruxxxut,
1209 842 1240 904 in
1275 840 1326 904 die
1348 839 1442 904 beate

157 954 267 1032 rgarete
284 951 421 1034 virginis,
436 951 639 1035 presentibus
656 951 811 1017 universis
827 950 1006 1015 castellanis
1025 949 1057 1013 in
1069 948 1189 1014 Vechta
1202 949 1269 1032 jam
1281 947 1441 1029 predictis.

201 1135 222 1201 ¹)
239 1131 400 1191 &subdunt
419 1147 452 1205 gu
470 1132 597 1206 botruo,
615 1132 701 1204 drtpt.
721 1131 904 1202 dictitabunt.

157 1721 212 1749 .-
231 1685 421 1765 uvudttr,
445 1684 538 1765 1283,
560 1685 637 1766 uun
659 1685 710 1756 13.

258 1825 376 1908 tiitdot
398 1825 520 1894 ticurcb
543 1843 602 1892 aon
624 1825 796 1893 Otncbrtut
817 1824 923 1908 eciucbt
946 1825 992 1892 bie
1015 1825 1111 1893 &teht
1133 1824 1317 1903 Duucbrdd,
1343 1825 1438 1908 cinige

257 1935 432 2016 numentticb
455 1934 641 2019 cutgcttttrtte
662 1933 846 2003 temtatur
870 1934 1116 2017 arsurumne
1141 1933 1355 2017 cutvunebmeu
1378 1936 1462 2010 unt,

257 2044 295 2120 irc
319 2061 408 2127 gcgcn
430 2044 641 2125 Sebcrmcrtn,
660 2043 872 2129 nitttpcntuttt
904 2061 993 2129 pogen
1026 2045 1089 2127 tun,
1122 2043 1178 2110 bur
1201 2041 1316 2124 ttitdot
1350 2041 1441 2124 tetbit,

257 2170 292 2236 pu
316 2150 444 2234 iduum.

355 2281 503 2354 Dttgtnct:
524 2283 707 2357 &tcbtntttrtu
744 2283 845 2342 bruti:
865 2282 1079 2353 ttiitttrettungcn
1099 2283 1150 2350 VI,
1168 2282 1206 2340 Θ.
1226 2285 1286 2338 140.

218 2400 385 2467 Comedus
411 2400 468 2466 Dei
500 2403 601 2485 gratia
623 2401 878 2484 Osnaburgensis
912 2402 1079 2484 episcopus
1113 2400 1233 2467 dilectis
1266 2401 1332 2466 suis
1364 2400 1441 2466 bur·

157 2508 249 2588 uibus,
272 2561 281 2577 .
305 2560 313 2576 .
333 2509 441 2593 judici,
465 2562 472 2576 .
496 2561 504 2576 .
527 2511 663 2576 scabinis
684 2528 721 2575 ae
743 2509 937 2574 universitati
967 2509 1098 2574 civitatis
1129 2511 1272 2592 ejusdem
1305 2510 1440 2575 salutem

163 2635 246 2683 omne
267 2619 401 2685 bonum.
445 2619 568 2684 Litteris
600 2619 803 2702 presentibus
835 2618 1090 2700 recognoscimus
1122 2622 1349 2700 protestantes,
1382 2637 1441 2683 nos

157 2744 217 2791 teo
241 2746 299 2793 vos
321 2746 462 2810 rogasse,
495 2731 531 2792 ut
553 2725 732 2791 Marketum
754 2725 871 2792 dictum
896 2726 1053 2793 Vitianum
1076 2732 1107 2793 et
1129 2726 1350 2794 Batdewinum
1373 2731 1441 2811 ejus

157 2849 203 2913 rm,
233 2833 488 2917 Scharanpinum
522 2834 563 2899 de
595 2833 781 2917 Scharanpo
814 2839 846 2899 et
872 2835 1053 2920 Meylanum
1088 2838 1156 2921 ejus
1187 2836 1327 2916 tratrem,
1361 2835 1442 2900 tilios

157 2942 255 3008 endam
277 2942 388 3008 Jacobi
411 2942 452 3007 de
473 2940 681 3025 Scharampo,
712 2941 906 3027 Mychaelem
930 2948 962 3008 et
983 2945 1113 3016 Petrum
1137 2944 1251 3010 tratres
1273 2945 1314 3010 de
1335 2944 1440 3020 Serra,

157 3068 266 3130 genses
287 3050 422 3116 civitatis
443 3051 597 3131 Astensis,
619 3051 830 3130 Lumbardos,
862 3072 934 3118 cum
957 3071 1068 3118 eorum
1090 3053 1208 3118 familia
1229 3054 1306 3138 ad1)
1329 3053 1441 3119 decem

157 3175 196 3222 tos
215 3160 246 3224 in
268 3162 393 3224 vestros
415 3159 595 3244 reciperetis
617 3161 772 3227 concives.
816 3161 909 3227 Unde
931 3180 1091 3242 rogamus,
1125 3161 1274 3245 quatinus
1300 3161 1441 3244 pretatos

157 3267 289 3335 ubardos
323 3269 355 3332 in
389 3270 454 3334 suis
486 3269 618 3352 agendis
651 3273 817 3353 tamquam
853 3273 976 3334 vestros
1015 3269 1160 3335 concives
1198 3269 1332 3335 fideliter
1366 3290 1441 3352 pro-

158 3380 255 3441 ventes
287 3395 327 3442 ac
360 3377 479 3442 eisdem
506 3377 691 3442 assistentes
724 3398 790 3444 non
822 3377 1022 3461 permittatis,
1056 3377 1187 3443 eosdem
1220 3377 1252 3442 in
1274 3377 1370 3443 rebus
1392 3379 1440 3443 vel

157 3486 232 3550 sonis
254 3485 296 3550 ab
320 3485 425 3568 aliquo
448 3503 505 3549 seu
527 3485 568 3550 ab
591 3484 747 3570 atiquibus
770 3487 930 3552 molestari
946 3485 1086 3551 indebite
1101 3486 1150 3550 vel
1164 3486 1298 3569 gravari.
1321 3486 1440 3551 Vemm

157 3611 196 3671 un,
227 3595 252 3659 si
287 3612 347 3658 nos
379 3593 577 3659 conditiones
608 3615 646 3661 ac
667 3594 895 3679 promissiones
926 3594 958 3658 in
979 3593 1141 3676 privilegio
1165 3612 1184 3657 a
1205 3593 1297 3658 nobis
1321 3595 1441 3659 eisdem

157 3703 280 3769 ubardis
294 3706 443 3786 porrecto
459 3703 653 3789 conscriptas
667 3705 752 3788 ipsis,
768 3704 854 3788 quod
870 3703 962 3782 absit,
985 3701 1154 3783 intringere
1169 3721 1441 3784 presumeremus,

172 3813 289 3878 eisdem
313 3814 424 3877 contra
457 3832 515 3878 uos
545 3813 713 3879 assistendi
735 3832 772 3878 ac
796 3832 851 3877 eos
873 3831 930 3896 pro
955 3810 1071 3875 viribus
1094 3810 1286 3876 defendendi
1309 3811 1440 3876 liberam

157 3937 329 4003 expressam
352 3937 372 3984 a
394 3920 486 3985 nobis
515 3921 673 3986 licentiam
697 3920 852 3985 habeatis.
895 3919 1038 3984 Scientes
1070 3939 1130 4002 pro
1162 3923 1259 3998 certo,
1293 3939 1350 3984 vos
1383 3913 1442 4002 pro

157 4027 272 4092 usmodi
294 4021 479 4092 assistencia
502 4031 534 4092 et
556 4027 751 4106 defensione,
776 4048 857 4111 quas
878 4032 991 4093 contra
1009 4047 1068 4093 nos
1084 4028 1204 4093 eisdem
1226 4028 1443 4111 impenderitis

157 4135 208 4199 bac
234 4138 338 4219 parte,
372 4154 446 4200 eum
480 4156 537 4202 vos
569 4137 785 4220 rogaverimus
819 4156 877 4220 pro
912 4137 1042 4216 eisdem,
1076 4140 1185 4201 nostre
1216 4136 1442 4218 indignacionis

157 4261 244 4308 usam
275 4242 458 4308 nullatenus
493 4245 682 4311 incursuros.
726 4243 830 4328 Super
869 4264 933 4327 quo
972 4264 1028 4310 vos
1060 4244 1262 4327 presentibus
1295 4244 1443 4309 duximus

157 4352 293 4417 naudos.
335 4349 453 4416 Datum
477 4351 700 4436 Oseubrugge,
723 4352 754 4418 in
778 4353 829 4418 die
852 4352 1030 4436 Margarete
1052 4353 1189 4434 virginis,
1210 4372 1296 4418 anno
1318 4353 1442 4418 Domini

157 4458 398 4527 :crcxxxult

210 4592 321 4677 erepet
343 4591 399 4658 mit
420 4589 580 4678 titddeget
603 4612 643 4661 cn
666 4562 976 4678 tttergcrnentttrcitcn.

190 4777 214 4843 ¹)
234 4774 291 4832 bre
309 4773 406 4832 auom
424 4775 458 4830 cd
476 4775 569 4831 decem
589 4791 672 4831 annos
692 4774 747 4842 ttub
767 4774 832 4831 dher
852 4775 896 4831 ber
915 4775 990 4845 fictir
1009 4780 1062 4831 bon
1082 4773 1193 4831 cutmu
1214 4773 1293 4824 “rat
1318 4774 1373 4832 unb
1392 4779 1443 4834 urit

157 4879 193 4922 nr
212 4863 302 4921 {tute
320 4860 523 4933 ncdpgetrcgen.
