3210 5354
238 258 304 322 280
876 273 945 329 1295

363 438 532 505 Conrados
553 438 612 505 Dei
645 438 746 521 gratia
771 438 1030 523 Osnahurgensis
1051 438 1182 506 ecclesie
1213 439 1391 524 episcopus
1422 438 1554 511 urrirersis¹

237 548 280 614 ad
302 566 385 633 quos
406 552 571 632 presentes
593 548 695 614 littere
716 548 928 630 pervenerint,
950 549 983 612 in
997 566 1075 613 vero
1090 547 1220 613 salutari
1241 547 1394 613 salntem.
1422 544 1555 619 Noverl‘v.
1588 584 1597 623 ··.

238 656 325 739 quod
346 655 378 721 in
400 660 512 722 nostra
531 657 693 741 presentia
714 655 876 722 constituti
898 655 1068 722 conradus
1090 654 1191 720 dictus
1212 654 1256 719 de
1277 653 1450 719 blunderto
1469 657 1497 717 et
1513 650 1555 716 Pe·
1587 690 1597 731 :2

236 764 361 830 tronilla
392 783 474 830 uxor
494 764 635 849 legitima
656 785 695 832 ac
716 765 881 843 Heminae,
913 764 1081 845 Echertus,
1114 763 1323 829 Hermannus
1346 767 1381 828 et
1402 760 1554 845 Ludolplns
1587 802 1597 843 Ξ

235 873 371 940 heredes
392 873 465 940 dicti
484 874 633 954 Conradi,
664 874 748 939 idem
762 873 931 939 Conradus
952 874 994 940 de
1015 892 1174 940 consensu
1194 877 1227 937 et
1248 871 1403 938 benivolo
1424 871 1554 937 voluntate
1588 910 1596 950 ·.

235 983 391 1049 dictorum
413 985 521 1049 uxoris
554 988 586 1049 et
618 984 776 1049 heredum
807 982 949 1048 vendidit
970 988 1002 1049 et
1023 983 1151 1048 tradidit
1171 980 1418 1048 honorabilibus
1437 980 1502 1045 viris
1516 976 1553 1042 to
1589 1020 1597 1060 -:

235 1091 335 1157 banni
355 1092 479 1158 decano
501 1094 534 1157 et
554 1090 693 1176 capituto
715 1090 847 1157 ecclesie
868 1088 1139 1156 Wildeshusensis
1171 1089 1304 1156 nomine
1332 1089 1434 1172 ipsius
1453 1085 1553 1153 eccleds
1587 1126 1596 1168 3

235 1200 458 1283 recipientibus
479 1203 512 1264 et
534 1198 716 1265 ementibus
745 1200 818 1281 jure
849 1198 980 1282 proprio
1007 1204 1039 1264 et
1061 1200 1092 1264 in
1113 1201 1307 1283 perpetuum
1330 1198 1486 1263 decimam
1503 1194 1552 1259 alle
1589 1240 1596 1275 r

233 1306 269 1372 in
279 1306 417 1372 Lurethe
427 1306 454 1392 ¹)
475 1307 570 1372 sitnm
592 1307 624 1371 in
647 1306 816 1389 parrochia
837 1306 921 1371 dicte
943 1307 1075 1374 ecclesie
1091 1306 1364 1373 Wildeshusensis
1385 1325 1459 1371 cum
1477 1304 1551 1370 omri
1587 1344 1596 1387 ῃ

235 1414 297 1480 bus
318 1414 384 1479 suis
405 1416 602 1498 pertinentiis
624 1434 684 1498 pro
706 1416 812 1499 precio
834 1415 1001 1498 sexaginta
1016 1434 1196 1482 marcarum
1207 1414 1360 1498 legalium
1370 1417 1403 1479 et
1425 1413 1553 1479 bonomo
1589 1454 1596 1495 Ξ

235 1522 440 1588 denariorum
469 1522 777 1606 Osoaburgensium,
811 1542 908 1607 quam
940 1524 1076 1608 pecunie
1106 1542 1269 1589 summam
1302 1522 1409 1588 dictus
1439 1520 1553 1586 venditat
1589 1592 1596 1605 ⁴

235 1629 400 1696 confessus
422 1634 454 1695 et
475 1633 644 1697 contentus
668 1632 737 1711 luit,
759 1651 795 1696 se
816 1632 858 1697 ab
881 1632 958 1716 ipsis
980 1634 1177 1716 emptoribus
1198 1631 1352 1698 babuisse
1373 1636 1407 1697 et
1426 1630 1553 1714 recepisse
1589 1672 1596 1711 -,

234 1758 273 1804 ac
294 1740 354 1806 sibi
375 1739 498 1823 integre
520 1740 640 1819 datam,
673 1740 811 1805 solutam
833 1758 871 1805 ac
892 1745 1094 1805 numeratam
1116 1758 1197 1819 esse,
1229 1741 1412 1823 exceptioni
1438 1739 1492 1805 sibi
1508 1753 1553 1801 non
1589 1776 1595 1818 ·.

235 1846 322 1924 date,
344 1865 411 1911 non
434 1847 546 1926 solute,
579 1867 646 1913 non
667 1853 834 1913 numerale
856 1849 990 1930 pecunie
1019 1848 1086 1912 sive
1117 1848 1214 1931 precii
1246 1848 1279 1911 in
1300 1867 1432 1914 summa
1451 1845 1552 1914 onnin
1588 1886 1594 1924 a

233 1957 434 2022 renuncians.
477 1957 530 2022 Ad
550 1956 610 2022 hec
641 1956 715 2022 dicti
735 1956 910 2022 Petronilla
941 1976 1023 2023 uxor
1055 1962 1087 2023 et
1118 1957 1254 2022 heredes
1286 1957 1422 2041 predicti
1443 1950 1552 2022 Conari

235 2065 384 2150 predictis
405 2065 555 2129 omnibus
588 2068 754 2148 presentes
786 2066 870 2130 dicte
902 2066 1076 2132 venditioni
1103 2070 1340 2132 consenserunt
1360 2082 1503 2148 expresse
1517 2078 1552 2125 re
1588 2134 1593 2141 ,

234 2174 423 2238 nunciantes
445 2174 531 2237 omni
550 2174 614 2256 juri
636 2192 705 2251 suo,
740 2175 827 2257 quod
860 2174 1024 2240 habehant
1055 2175 1105 2239 vel
1131 2174 1252 2241 habere
1274 2178 1426 2257 poterant
1445 2174 1475 2238 in
1492 2170 1551 2235 dida

233 2280 358 2345 decima
380 2279 509 2344 vendita
531 2281 740 2346 successionis
762 2282 812 2347 vel
833 2283 896 2347 alia
917 2301 1109 2365 maenaque
1131 2282 1309 2348 occasione.
1354 2281 1394 2347 Et
1415 2300 1473 2347 nos
1490 2277 1550 2344 eon

232 2389 332 2454 radus
353 2388 411 2453 Dei
432 2389 534 2471 gratia
568 2390 736 2473 episcopus
767 2390 929 2474 predictus
962 2392 1046 2456 iacta
1077 2391 1109 2455 in
1142 2391 1292 2456 manibus
1314 2391 1432 2456 nostris
1452 2408 1470 2454 a
1487 2384 1550 2452 liet

234 2495 424 2583 C(onrado)‚
467 2515 567 2562 uxore
600 2500 633 2560 et
665 2496 837 2564 heredibus
875 2501 974 2584 ipsius
1006 2498 1176 2584 C(onradi)
1212 2498 1429 2581 resignatione
1459 2494 1550 2563 desint

233 2605 416 2689 supradicte
437 2609 603 2689 tamquam
627 2608 731 2690 maior
752 2607 900 2673 dominus
918 2609 1120 2693 proprietatis
1137 2607 1287 2691 predictis
1303 2608 1379 2672 viris
1389 2601 1549 2674 honorabili

233 2714 294 2779 bus
316 2716 439 2780 decano
462 2718 494 2779 et
515 2713 653 2798 capitulo
677 2715 929 2781 Wildeshusensi
961 2717 1089 2781 nomine
1122 2715 1254 2782 ecclesie
1277 2735 1337 2781 sue
1359 2713 1550 2800 recipientibus

233 2823 448 2906 supradictam
472 2823 629 2887 decimam
653 2841 726 2887 cum
748 2824 898 2889 omnihus
926 2823 1126 2906 pertinentiis
1147 2822 1353 2903 contutimus,
1383 2818 1550 2891 dedimnssl

233 2930 422 2994 tradidimus
442 2932 513 3012 jure
535 2931 665 3012 proprio
687 2936 718 2994 et
740 2931 771 2994 in
793 2935 985 3014 perpetuum
1012 2932 1248 3014 possidendam.
1293 2932 1329 2996 ln
1353 2951 1486 3018 quorum
1503 2944 1550 2994 on

233 3037 321 3101 nium
354 3039 571 3103 testimonium
605 3038 739 3120 sigillum
775 3044 918 3104 nostrum
951 3041 1153 3123 presentibus
1179 3043 1413 3122 apponendum
1434 3039 1551 3106 dumus

233 3144 463 3210 antedictorum
499 3146 758 3211 contrahentium
793 3152 825 3212 el
858 3149 1063 3214 vendentium
1096 3151 1244 3230 precihus
1278 3152 1428 3218 inclinali.
1469 3149 1551 3214 rests

233 3251 327 3335 hujus
356 3252 401 3316 rei
434 3256 527 3316 sunt:
561 3252 637 3317 Otto
658 3253 764 3337 Proyt¹
798 3255 989 3339 Rodotphus
1010 3257 1198 3336 Ammaous,
1232 3257 1328 3323 Wille
1361 3261 1403 3325 de
1424 3259 1552 3325 Smerten.

233 3358 390 3423 hienricus
422 3360 609 3441 Gogravius‚
643 3360 807 3427 lohannes
842 3363 1009 3439 Bocrolhe‚
1042 3363 1227 3429 thedericus
1260 3371 1292 3431 et
1319 3367 1474 3433 Henricus
1500 3357 1552 3428 dici

233 3466 297 3530 Vos
319 3465 454 3542 milites;
476 3467 624 3531 Andreas
647 3472 679 3532 et
701 3469 906 3536 Hermannus
922 3473 963 3538 de
982 3472 1130 3536 Smerten
1154 3473 1278 3551 tratres,
1301 3469 1552 3540 Gisikedeflora

235 3574 405 3638 Hunoldus
430 3575 471 3638 de
494 3575 702 3658 Varendorpe
735 3578 844 3644 tamuli
877 3584 909 3644 et
934 3580 986 3645 alii
1008 3580 1235 3663 quamplures
1257 3580 1421 3667 fidedigni.
1463 3582 1552 3647 [talum

235 3682 348 3766 Oythe‚
371 3682 416 3746 X⁰
427 3682 588 3747 Kalendas
606 3682 806 3762 Novembris,
831 3705 915 3751 anno
937 3687 1063 3751 Domini
1084 3685 1203 3752 M⁰CC⁰
1225 3693 1438 3772 nonagesimo
1458 3686 1552 3773 quinto.

361 3813 432 3881 iios
455 3813 563 3896 &tepet
584 3814 657 3895 iehtt
679 3835 718 3882 aa
741 3818 820 3897 jebet
841 3819 892 3884 bet
915 3818 1014 3886 triten
1036 3818 1309 3908 ilustettiquupeu.

342 3996 362 4055 ¹l
381 3993 485 4058 itote,
504 3993 583 4050 thern
602 3992 816 4064 {ditheshouieu

232 4410 310 4478 444.
334 4408 491 4488 -1aae,
514 4406 689 4478 uniemur
710 4408 741 4476 6.

403 4542 484 4624 ditat
506 4540 611 4608 behert
645 4559 705 4608 nou
738 4537 894 4620 bentheiur
927 4547 1041 4625 ertheitt
1078 4550 1128 4614 ber
1150 4551 1249 4619 &ott
1273 4555 1433 4639 &ditiori
1465 4541 1552 4640 peciit

401 4649 587 4735 tiuoittssien
609 4646 664 4712 mil
685 4645 891 4731 Bufflmmunu
913 4649 1005 4728 teiaet
1019 4654 1101 4737 grau
1123 4660 1311 4731 uuhssinber
1341 4669 1405 4733 auh
1430 4648 1553 4731 misael

294 4844 300 4855 ο
404 4759 499 4840 {einer
520 4755 746 4838 baroniana.

395 4889 468 4961 tica
486 4887 543 4945 henr
562 4883 649 4944 mend
666 4884 707 4941 iel
725 4881 867 4952 auncinis,
884 4885 988 4946 fleur.
1006 4892 1115 4961 mach,
1133 4894 1172 4953 a.
1191 4900 1235 4955 st.
