3210 5354
717 341 787 398 1286
1357 324 1419 391 121

158 542 205 554 -
229 505 314 576 1286
335 505 459 591 (laun),
480 504 614 584 bonaur
635 506 687 578 21.

246 637 328 720 (brot
349 636 425 705 Dtto
447 655 508 704 oon
530 636 725 722 ltooeuabatp
755 637 908 723 abactam
937 639 1001 708 bem
1023 639 1136 720 tttollet
1158 638 1342 721 mouentur
1365 637 1421 706 beu

244 747 333 830 belva
364 748 467 832 ,meiat
488 764 547 815 oon
579 747 640 832 but
672 748 880 833 tebntbbriget
901 749 999 817 buben
1022 749 1082 816 aab
1106 747 1214 815 neuen
1236 765 1270 830 aa
1293 746 1420 831 ttbmem

244 857 321 941 burst
354 857 397 924 im
432 855 590 940 ttitdtpiet
623 843 702 924 bue
733 857 789 925 mit
817 856 1025 941 gallinicum
1058 856 1152 939 [eines
1185 854 1334 936 arabeta,
1368 856 1420 922 bea

244 965 387 1049 bropltea
410 963 536 1048 bubula
557 981 617 1031 oon
639 964 694 1033 ΕΙ.
717 963 1040 1049 Sobounzlbauobtttd,
1071 965 1164 1046 teiuet
1191 965 1274 1050 {trau
1296 963 1420 1047 bubula

244 1073 306 1141 aab
328 1072 424 1155 teiner
445 1072 554 1157 &ttae
575 1071 731 1151 bernano
752 1073 917 1158 (bombat
938 1076 971 1143 in
993 1075 1130 1161 aurato),
1152 1073 1239 1155 Dtto,
1261 1071 1419 1156 bacchata

243 1184 305 1252 nub
326 1183 462 1268 bubata.

339 1315 481 1376 aaran:
499 1314 590 1389 nent
609 1317 693 1378 aaa.
711 1319 763 1388 m,
782 1318 859 1375 1304.

160 1684 205 1697 -
227 1645 431 1732 mutatui,
454 1647 547 1728 1286,
569 1646 703 1726 &aanor
724 1646 776 1718 26.

243 1778 326 1862 brol
348 1778 499 1863 boetrum
531 1797 591 1847 oon
624 1778 675 1846 bet
696 1778 787 1846 lltuct
819 1779 869 1846 ola
891 1779 1049 1848 botmuub
1083 1779 1135 1847 bet
1166 1779 1276 1863 januen
1299 1778 1417 1861 broten

242 1886 318 1955 ouo
340 1889 400 1955 unt
416 1888 576 1972 angelum
597 1906 656 1955 oon
674 1887 880 1973 aeatentuta,
902 1888 977 1969 biele
999 1889 1059 1955 unb
1082 1888 1145 1972 itte
1161 1887 1281 1954 blattea
1298 1886 1417 1968 uinco

241 1996 290 2064 tta
313 1996 491 2081 abeuroea
513 1997 577 2064 bem
599 1996 713 2077 &tollet
736 1997 939 2082 arcuerunt
961 1999 1017 2064 boa
1039 1996 1217 2082 dicentium
1239 1996 1290 2064 bea
1312 1993 1417 2077 balet,

241 2106 324 2173 cinea
346 2105 440 2172 artes
473 2107 533 2173 unu
567 2107 668 2192 praeter
689 2105 853 2191 {tiidteidtc
885 2107 918 2173 in
957 2105 1153 2188 attinebatur
1186 2105 1228 2171 im
1260 2103 1417 2186 ltirdlpiet

242 2212 410 2294 fflieleubed
431 2214 492 2281 unb
514 2216 547 2281 iu
565 2214 791 2297 becbetrldolt
814 2213 1008 2297 aeneorum
1032 2213 1148 2299 petraea
1177 2213 1238 2280 unb
1260 2213 1415 2295 oerptdten

241 2322 412 2406 gteidpeitiq
444 2322 497 2404 out
530 2323 577 2407 ibt
599 2323 686 2404 ltedt
718 2341 759 2390 ou
790 2323 874 2407 ibren
897 2324 1016 2392 titillent
1045 2324 1078 2388 in
1101 2321 1333 2403 lbettucoppetu
1356 2323 1417 2388 unb

242 2449 293 2498 um
315 2432 393 2499 (trba
415 2432 536 2516 botuae.

338 2563 483 2636 Dtiglnctz
503 2563 698 2635 &toutdctrblb
716 2562 851 2634 bttnltet.

200 2683 268 2750 Nos
289 2683 492 2751 Everhardus
514 2685 629 2752 nobilis
661 2685 708 2748 vir
739 2703 847 2748 comes
881 2683 921 2748 de
942 2682 1082 2762 Marcha‚
1115 2686 1201 2748 tutor
1226 2683 1339 2748 nobilis
1361 2683 1417 2748 viri

157 2792 197 2855 ris
216 2793 341 2874 juvenis
364 2793 487 2858 comitis
509 2793 815 2859 deThekeneborch
838 2796 868 2857 et
889 2792 1069 2874 Engelberti
1092 2791 1195 2856 fratris
1216 2791 1274 2869 sui,
1298 2809 1335 2856 ac
1358 2791 1417 2875 ipsi

157 2919 205 2964 res
227 2901 268 2965 de
290 2904 478 2967 auctoritate
501 2907 532 2966 et
554 2922 711 2968 consensu
733 2920 885 2985 expresso
908 2903 1052 2985 ejusdem
1080 2902 1193 2967 tutoris
1215 2920 1362 2966 necnon
1385 2905 1416 2966 et

157 3008 246 3073 ardis
268 3008 383 3074 nobilis
405 3014 552 3075 matrona
574 3010 743 3074 cometissa
769 3010 802 3075 in
823 3009 1089 3092 Thekeneborgh,
1122 3015 1225 3075 mater
1258 3008 1414 3074 dictorum

157 3135 231 3195 tum,
264 3118 421 3183 universis
442 3123 607 3201 presentes
629 3119 749 3183 litteras
771 3118 959 3201 inspecturis
986 3123 1098 3183 notum
1122 3137 1192 3183 esse
1214 3117 1361 3183 volumus
1383 3122 1415 3181 et

157 3243 180 3287 ·e
202 3228 398 3307 presentium
421 3215 547 3309 publice
569 3228 766 3310 profitemur,
801 3227 888 3309 quod
910 3246 969 3291 nos
991 3226 1202 3292 communiter
1233 3230 1264 3290 et
1291 3225 1413 3290 divisim

157 3335 218 3398 erla
239 3338 350 3400 nostra
371 3336 502 3401 scientia
524 3338 556 3399 et
578 3354 728 3417 expresso
751 3353 910 3399 consensu
936 3334 1163 3417 proprietatem
1187 3335 1281 3400 curtis
1303 3333 1413 3399 Pusle·

157 3440 218 3527 1¹),
240 3443 335 3507 unius
357 3443 473 3509 domus
496 3443 613 3507 ibidem
636 3447 667 3508 et
682 3445 817 3508 duarum
830 3443 1021 3525 piscinarum
1040 3445 1171 3508 sitarum
1193 3443 1225 3506 in
1247 3442 1414 3525 parrochia

157 3549 269 3613 rburen
293 3551 438 3634 dyocesis
462 3551 719 3634 Osnaburgensis
742 3552 783 3615 ad
807 3551 983 3616 dominium
1000 3551 1231 3618 Tekeneborch
1251 3552 1413 3635 pertiuen-

157 3676 226 3722 cum
249 3660 399 3724 omnibus
422 3661 487 3724 suis
506 3661 630 3743 juribus
653 3663 685 3724 ct
706 3661 911 3742 pertinentiis,
939 3662 1075 3743 pascuis,
1098 3661 1207 3744 pratis,
1229 3659 1414 3725 nemoribus

158 3764 194 3828 iis
217 3767 461 3850 quibuscunque
485 3768 673 3833 contulimus
686 3771 718 3832 et
729 3767 921 3833 conferimus
932 3789 991 3852 per
1002 3773 1167 3853 presentes
1190 3819 1198 3834 .
1222 3820 1228 3832 .
1251 3769 1413 3834 abbatisse

157 3876 292 3938 inventui
315 3875 499 3940 monasterii
532 3877 563 3940 in
586 3875 812 3955 Gravenhorst,
835 3877 1060 3961 Cystercieusis
1081 3879 1209 3956 ordinis,
1245 3877 1413 3942 Osnabur·

157 3981 347 4066 sdyocesis,
381 3989 538 4067 perpetuo
571 3984 702 4067 pacifice
736 3988 767 4049 et
790 3987 895 4068 quiete
919 3986 1089 4051 liberaliter
1110 3987 1324 4070 possidenda,
1361 4006 1412 4051 re·

159 4090 283 4154 avimus
306 4092 405 4155 eciam
441 4095 472 4156 et
499 4094 701 4174 presentibus
733 4096 951 4160 renuntiamus
974 4097 1121 4180 quicquid
1140 4097 1219 4179 juris
1240 4095 1411 4160 habuimus

158 4197 257 4262 abere
280 4199 477 4277 videbamur,
508 4205 603 4283 prout
635 4203 726 4267 nobis
759 4205 910 4285 competit
940 4206 971 4268 in
995 4206 1086 4268 bonis
1109 4206 1224 4271 nostris
1247 4205 1411 4288 Cappelen

157 4306 240 4370 dem
262 4308 495 4389 pertinentibus
524 4327 561 4372 ac
592 4310 623 4373 in
646 4311 742 4374 domo
760 4311 933 4393 Eschelage
960 4313 1020 4376 sita
1042 4314 1073 4377 in
1096 4313 1264 4395 parrochia
1285 4314 1409 4397 Rysen·

167 4414 313 4497 ejusdem
337 4415 492 4500 dyocesis,
527 4435 599 4481 cum
633 4420 781 4484 omnibus
815 4422 913 4486 eciam
944 4423 1008 4485 suis
1028 4423 1151 4504 juribus
1174 4427 1206 4487 et
1227 4424 1409 4503 attinentiis,

157 4521 203 4598 tis,
235 4523 345 4605 pratis,
376 4525 561 4590 nemoribus
583 4546 620 4592 ac
642 4527 709 4592 aliis
736 4530 990 4613 quibuscumque
1012 4532 1054 4595 ad
1075 4550 1155 4613 opus
1178 4534 1209 4594 et
1231 4530 1409 4611 utilitatem,

157 4629 268 4695 rodum
292 4635 325 4695 el
345 4632 525 4714 profectum
547 4686 555 4701 .
579 4686 586 4701 .
610 4636 770 4702 abbatisse
793 4643 824 4702 et
846 4644 1021 4703 conventus
1043 4640 1075 4703 in
1097 4638 1314 4705 Graveuhorst
1335 4660 1408 4723 pre·

157 4757 218 4803 um
251 4744 409 4823 perpetuo
441 4743 538 4808 libere
574 4749 605 4808 et
637 4746 767 4828 pacifice
800 4747 941 4812 similiter
970 4747 1174 4830 possidenda.
1219 4748 1284 4814 Nos
1307 4750 1407 4814 eciam

157 4868 196 4914 es
217 4849 361 4932 predicti,
395 4867 466 4913 cum
490 4851 531 4914 ad
554 4869 657 4919 annos
689 4853 845 4935 legitimos
871 4855 1119 4937 pervenerimus,
1152 4856 1354 4938 promisimus
1376 4861 1408 4923 et

157 4959 275 5025 tamus
296 4957 338 5024 de
360 4977 520 5024 consensu
543 4961 687 5044 ejusdem
710 4962 821 5027 tutoris
842 4963 941 5028 nostri
974 4965 1060 5029 bona
1093 4965 1166 5045 fide,
1197 4969 1352 5049 quantum
1375 4968 1407 5031 in
