3210 5354
228 315 294 383 422
776 332 921 390 uubanus
938 330 1032 403 tirtete

229 493 308 563 ⁸⁵⁸⁸
396 580 733 666 Dicetabtiiottngen
749 578 991 648 onDanobtttd:
1014 578 1216 663 unmtcbtung
1232 578 1316 663 ittae
1332 578 1473 663 uncam
1488 578 1551 646 bia
1592 552 1597 565 ¹

256 689 258 693 ’
398 690 454 773 rid
467 689 513 757 bei
530 688 689 775 &statam
705 688 756 757 bet
772 685 1060 772 biutmtoitentdaft
1076 686 1172 769 ieinct
1189 686 1331 756 deutera
1347 686 1383 754 in
1398 682 1550 754 Dendrtt

494 820 643 892 Drtgtnot:
663 820 850 892 &obturatio

356 937 502 1005 ..Viris
523 936 759 1005 venerabilibus
792 941 824 1002 et
853 937 997 1004 honestis
1028 936 1181 1021 magistro
1213 937 1421 1004 scabinorum
1448 956 1482 1003 ac
1499 934 1550 1003 uti-
1593 986 1597 1025 ς

229 1046 344 1110 versati
367 1044 399 1108 in
421 1045 649 1127 Ossenbruglre
671 1046 944 1111 commorantibus
964 1046 1149 1124 advocatus,
1182 1046 1334 1128 magister
1356 1046 1477 1124 civium,
1495 1062 1551 1110 uou-
1594 1074 1597 1079 ·

229 1151 314 1217 sules
337 1155 368 1217 et
390 1152 511 1218 scabini
526 1153 586 1218 loci
603 1153 635 1218 in
648 1152 807 1235 Ratingen
818 1154 1021 1237 universique
1042 1153 1161 1218 ibidem
1183 1158 1423 1219 commorantes
1443 1153 1551 1218 salutem

231 1262 262 1323 et
284 1258 434 1342 quicquid
456 1263 592 1342 possunt
622 1258 764 1326 amicicie
786 1265 818 1326 et
840 1261 965 1327 favoris.
1008 1260 1109 1326 Proui
1133 1260 1224 1327 vobis
1245 1259 1410 1326 Vinricum
1433 1264 1551 1326 uostnru

228 1366 403 1447 concivem,
436 1365 568 1431 fratrem
601 1365 741 1432 conradi
772 1367 858 1433 bone
891 1368 1046 1434 memorie
1083 1368 1170 1452 apud
1202 1387 1261 1434 vos
1293 1367 1502 1454 mortuumd)
1527 1385 1553 1431 ac

228 1473 389 1558 sepultum
403 1472 453 1558 (i),
483 1492 587 1557 nuper
607 1473 842 1540 transmisimus
863 1494 936 1540 cum
958 1476 1075 1541 nostris
1096 1476 1206 1542 litteris
1228 1479 1341 1543 nostro
1362 1477 1461 1558 sigillo
1480 1475 1553 1540 mbo

228 1586 315 1648 ratas
329 1581 379 1667 (t),
411 1601 471 1665 pro
494 1600 558 1666 quo
590 1580 773 1663 rogavimus
808 1586 841 1647 et
860 1601 1026 1666 rogemus,
1058 1587 1217 1666 quatenus
1239 1584 1299 1650 sibi
1320 1584 1420 1662 bona,
1451 1581 1554 1667 queri

228 1691 332 1774 ipsum
356 1710 396 1756 ex
418 1690 507 1757 obitu
529 1689 634 1756 fratris
655 1690 704 1754 sui
724 1689 884 1773 pertinere
906 1690 1123 1770 dinoscuntur,
1145 1690 1359 1773 perlatorem
1383 1691 1556 1774 presentium

229 1799 405 1864 litteramm
428 1797 600 1880 dignemini
621 1797 790 1876 destinare,
811 1816 870 1880 pro
893 1816 958 1881 quo
978 1796 1203 1880 promittimus,
1226 1799 1314 1882 quod
1336 1798 1363 1863 si
1386 1799 1557 1882 aliquisne

229 1925 268 1970 ex
290 1910 381 1989 parte
405 1904 478 1970 dicti
500 1904 613 1970 Vinrici
636 1905 677 1970 de
700 1903 791 1969 dictis
822 1903 915 1969 bonis
946 1903 1089 1986 inpetere
1118 1905 1262 1986 voluerit,
1296 1925 1354 1972 vos
1386 1907 1429 1972 de
1449 1906 1505 1971 hac
1522 1907 1558 1969 in·

229 2013 381 2097 petitione
401 2012 488 2079 omni
510 2012 608 2078 dubio
630 2010 740 2095 procul
763 2013 852 2076 moto
873 2011 1063 2079 relevemus.

230 2285 306 2355 W·
398 2387 460 2455 Die
481 2386 698 2472 tiotgmdunec
729 2387 997 2470 vunentanus
1030 2388 1162 2472 exturbes
1193 2388 1240 2456 bie
1272 2387 1371 2456 &tait
1395 2385 1564 2463 Denatrtd,

398 2495 453 2562 beu
486 2495 587 2563 uiuo
612 2493 755 2563 ithacius
786 2513 846 2563 oon
879 2497 976 2582 tibica
1007 2514 1059 2580 gut
1092 2496 1261 2581 ittitetiung
1306 2497 1390 2564 cinae
1424 2495 1562 2578 tietdtap

399 2603 505 2688 anime
527 2619 617 2688 gegen
640 2603 725 2670 einen
748 2601 869 2688 burget
890 2622 925 2689 gu
947 2602 1154 2673 nonientana
1175 2621 1210 2688 gu
1231 2603 1430 2686 botaniatim.

498 2735 630 2807 Dttgtnct
649 2735 841 2807 (geirdtottcnet
860 2734 965 2806 tisino:
985 2736 1169 2808 &obtemptu

356 2854 570 2919 Prudentibus
602 2871 641 2918 ac
673 2853 814 2918 honestis
847 2853 920 2919 viris
952 2855 1109 2936 magistris
1141 2854 1351 2936 burgensium
1385 2872 1424 2918 ac
1445 2851 1566 2919 scabinis

231 2961 487 3044 Osnaburgensis
519 2960 653 3026 civitatis
685 2960 875 3025 universitas
910 2961 1117 3026 castrensium
1145 2961 1176 3026 in
1209 2959 1430 3044 Quakenbnrg
1451 2959 1565 3025 honoris

232 3072 264 3134 et
285 3068 402 3134 servitii
424 3072 581 3152 quantum
602 3071 709 3151 potest
741 3086 812 3132 cum
841 3067 957 3132 affectu
979 3069 1111 3134 sincero.
1155 3067 1310 3150 Exposuit
1332 3069 1427 3133 nobis
1450 3067 1564 3151 quidam

231 3195 355 3259 pauper
377 3196 416 3241 ex
439 3174 555 3242 nostris
580 3175 699 3240 civibus
723 3178 754 3240 et
776 3175 867 3257 quasi
889 3179 1070 3241 contractus
1091 3175 1240 3259 gravibus
1254 3176 1470 3260 querimoniis,
1492 3172 1564 3257 quod

232 3285 363 3368 quidam
385 3284 548 3367 pertinens
569 3281 726 3368 L(iborio)
749 3280 834 3347 dicto
856 3282 897 3347 de
918 3282 1003 3347 Alen
1011 3281 1038 3367 ¹)
1071 3282 1158 3346 militi
1189 3281 1262 3347 fecit
1283 3281 1564 3348 arrestationemin

232 3411 307 3458 eum
330 3392 481 3470 indebite,
503 3390 596 3455 nullis
618 3390 683 3455 suis
699 3390 819 3455 meritis
835 3389 1044 3470 exigentibus,
1066 3389 1145 3455 sicut
1166 3393 1284 3472 sperat.
1317 3389 1482 3473 Rogamus
1502 3405 1563 3469 ergo

233 3501 408 3565 affectuose
429 3502 568 3563 vestram
583 3498 785 3563 honestatem
803 3516 840 3562 ac
856 3497 1067 3574 dilectionem,
1090 3495 1240 3578 quatinus
1256 3496 1375 3562 dictum
1390 3493 1562 3582 minuriunt

235 3609 276 3673 de
298 3607 381 3672 Aten
403 3606 535 3671 militem
558 3610 590 3672 et
612 3606 716 3670 virum
738 3624 832 3670 suum
865 3604 992 3670 monitis
1025 3608 1057 3669 et
1088 3603 1237 3687 precibus
1264 3604 1391 3670 adhoc
1414 3603 1561 3670 effimdter

231 3715 383 3780 inducere
417 3714 601 3795 dignemini,
633 3717 668 3778 ut
691 3712 809 3778 dictam
824 3712 1065 3777 arrestationem
1083 3715 1233 3777 revocent
1254 3712 1445 3795 accipientes
1465 3711 1503 3775 ab
1522 3724 1558 3778 eu

235 3821 325 3904 quod
347 3819 438 3885 vobis
458 3820 537 3903 juris
551 3820 677 3885 videtur
691 3823 723 3884 et
738 3818 825 3903 quod
840 3818 934 3900 exigit
956 3819 1035 3883 ordo
1054 3818 1142 3901 juris.
1177 3816 1273 3895 Quod
1294 3838 1354 3885 nos
1375 3838 1434 3903 pro
1454 3810 1556 3900 speciali

234 3926 374 3994 amicitia
396 3926 566 4009 recipimus
599 3931 631 3991 et
663 3927 782 4006 favore,
814 3924 920 3990 taliter
952 3926 1034 3991 circa
1056 3925 1160 4007 ipsum
1180 3924 1342 4006 iacientes,
1375 3930 1410 3992 ut
1435 3918 1553 3990 vobisin

235 4034 391 4100 similibus
413 4033 464 4097 vel
486 4032 660 4116 majoribus
681 4052 741 4099 nos
763 4036 933 4116 opporteat
955 4032 1123 4098 efficaciter
1144 4031 1284 4098 obedire.

361 4164 470 4248 stega
491 4162 538 4230 ab.

341 4315 363 4383 ¹)
382 4312 510 4373 cranaus
529 4317 583 4369 bon
603 4310 694 4382 titten
713 4316 767 4368 bon
787 4312 964 4370 1283-1300
982 4311 1191 4384 raadgemtetam
1211 4313 1265 4385 bgt.
1286 4313 1413 4386 dtegtttec

234 4575 312 4642 m
402 4680 469 4749 ibet
491 4678 611 4765 degeat
633 4680 666 4746 tn
688 4677 844 4761 bremide
876 4678 984 4763 arturit
1016 4680 1070 4747 ten
1093 4679 1251 4766 degenian
1277 4681 1311 4749 tn
1332 4672 1493 4749 nsandi
1508 4681 1546 4735 m

403 4784 528 4870 batum
549 4784 727 4852 timoratae
748 4784 781 4852 tn
802 4784 853 4852 bct
874 4784 1045 4873 titogetode
1067 4787 1120 4856 bet
1140 4787 1276 4874 baturici
1299 4785 1475 4873 &tenuati

499 4899 649 4972 manat:
668 4898 854 4970 oraturam.
