3210 5354
132 282 200 350 386
772 302 843 359 iuno

133 465 282 548 legalium
306 466 441 533 Cristine
464 469 505 534 de
527 469 620 533 Rene
653 472 684 534 et
718 471 783 535 suis
816 472 899 535 veris
930 469 1105 534 heredibus
1136 465 1282 533 redditus
1312 462 1438 529 decernet

135 577 207 639 octo
239 575 414 640 solidorum
447 577 659 642 denariorum
692 577 846 642 arealium
880 582 913 642 et
944 577 1045 643 libere
1082 577 1326 658 resignaverunt
1360 569 1439 634 eisdeu

134 683 228 747 annis
250 683 380 766 singulis
404 684 444 750 de
469 689 541 751 orto
562 686 624 750 sito
648 689 739 751 extra
760 690 886 768 portum
909 685 1027 751 dictam
1049 682 1162 765 Hegbe
1188 683 1263 765 jure
1283 680 1441 746 denarium

135 790 289 857 arealium
312 794 342 857 in
367 793 447 860 sesto
461 794 628 858 beatomm
647 798 826 879 martyrum
843 793 978 876 Crispini
997 796 1029 856 et
1043 787 1233 873 Crispiuiaui
1247 781 1442 871 persolvente

134 900 339 982 presentibus
372 900 510 984 Lyborio
542 901 584 965 de
617 900 850 984 Ryppincbote,
882 900 1025 965 Sredero
1056 897 1141 962 dicto
1162 893 1317 975 Rultingb
1346 910 1379 955 ac
1402 887 1444 951 au

134 1005 279 1089 pluribus
301 1007 365 1072 tide
387 1008 500 1089 dignis.
543 1008 579 1071 lu
601 1010 691 1091 cujus
712 1007 758 1073 rei
780 1008 996 1073 testimonium
1014 1005 1149 1089 sigillum
1166 1006 1315 1069 nostrum
1330 993 1446 1082 presenti·
1484 1068 1495 1077 ,

135 1114 197 1179 bus
229 1117 278 1178 est
309 1133 499 1197 appensum.
551 1114 668 1180 Datum
703 1114 936 1195 Osembruclre,
967 1132 1054 1178 anno
1089 1109 1217 1177 Domini
1248 1103 1399 1181 M⁰CCC',
1428 1100 1447 1165 b

136 1221 243 1303 vigilia
264 1221 350 1286 beati
372 1221 566 1305 Mychabelis
588 1221 779 1305 archangeli.

262 1351 370 1439 &teget
393 1352 568 1438 otgetotten.

135 1657 211 1726 597.
237 1696 270 1707 -
297 1658 391 1737 1300,
412 1659 551 1735 Dttrter
571 1661 606 1731 9.

304 1790 665 1874 praeeuntcarcere
696 1809 732 1876 gu
764 1789 905 1874 dietbotg
936 1786 1083 1857 aaran
1115 1785 1163 1851 bie
1194 1778 1458 1859 decumbunt*

304 1898 442 1980 identtet
474 1899 586 1968 (better
618 1917 684 1984 gunt
716 1898 835 1979 untuul
867 1899 948 1965 einer
980 1895 1078 1964 ditate
1111 1885 1342 1973 caementati
1368 1878 1460 1967 pru
1506 1984 1514 1992 ,

307 2005 419 2090 goede
441 2007 494 2075 bes
515 2004 673 2090 bolpitots
695 2007 756 2074 unt
777 2024 830 2090 gut
851 2005 1051 2090 uacuum
1072 2020 1114 2070 on
1135 2001 1239 2068 bruc.
1506 2041 1514 2049 -

401 2136 533 2209 Dttgtnut
552 2140 589 2194 tut
607 2136 770 2208 &trittidyen
789 2135 901 2208 tttdrinc
920 2138 949 2193 tu
967 2133 1071 2206 uncto.
1510 2180 1514 2189 .

262 2253 490 2338 P(elegrimus)
512 2254 570 2318 Det
592 2254 752 2337 pacientia
773 2255 964 2338 prepositus,
995 2252 1035 2320 A.
1058 2251 1146 2335 prior
1176 2252 1333 2330 totusque
1353 2252 1466 2309 coum·
1502 2248 1514 2292 ἲ

136 2366 188 2425 tus
212 2360 343 2424 ecclesie
365 2361 396 2424 in
420 2360 561 2425 Clarholt
594 2362 744 2427 omnibus
775 2362 937 2445 presentia
967 2360 1083 2425 vismis
1115 2357 1255 2422 salutem
1283 2356 1318 2417 et
1338 2350 1383 2416 rei
1400 2346 1468 2430 g&
1504 2356 1514 2369 '

136 2485 330 2548 cognoscere
352 2468 528 2531 veritatem.
573 2467 845 2550 Recognoscimus
864 2472 895 2533 et
915 2470 1143 2551 protestamur,
1166 2463 1257 2546 quod
1278 2461 1406 2541 recepta
1422 2467 1471 2516 unt

138 2591 247 2637 marca
267 2574 433 2639 adomino
450 2574 616 2655 Rutghero
634 2579 757 2640 rectore
779 2574 945 2659 hospitalis
967 2574 1000 2639 in
1013 2572 1236 2647 Wrelrehorst,
1259 2570 1340 2633 item
1361 2557 1473 2642 recepit

137 2678 238 2744 tribus
260 2680 376 2745 marcis
397 2699 417 2744 a
438 2680 554 2747 Sitrido
576 2681 617 2746 de
639 2681 756 2748 Bn'nlre
786 2688 896 2748 nostro
927 2681 1145 2748 concanonico
1176 2677 1320 2743 emimus
1342 2692 1381 2737 ex
1400 2664 1474 2734 bonis

137 2789 169 2852 iu
191 2786 397 2872 Ysiuctorp1)
420 2788 474 2852 llll
495 2788 614 2854 solidos
636 2790 784 2871 legalium
816 2790 1021 2856 denariorum
1055 2787 1203 2852 redditus
1229 2784 1275 2849 ad
1296 2799 1376 2847 usus
1395 2770 1474 2842 nostn'

136 2895 301 2978 hospitalis
312 2899 470 2978 perpetuo
482 2898 657 2961 secundum
677 2898 819 2975 modum,
842 2899 895 2981 qui
908 2896 1061 2979 sequitur,
1083 2891 1331 2958 ministrandus.
1360 2887 1475 2951 Istorum

139 3003 223 3068 euim
248 3002 329 3067 111101
354 3002 528 3067 solidorum
557 3002 614 3067 Xll
629 3003 752 3069 denarii
786 3004 916 3087 singulis
937 3003 1031 3068 annis
1053 3003 1085 3065 in
1106 3017 1189 3065 cena
1203 2996 1334 3063 Domini
1347 2987 1476 3076 pauperi·

137 3112 209 3188 bus,
243 3128 380 3190 quorum
403 3111 503 3191 pedes
525 3110 556 3173 in
588 3108 771 3174 humilitatis
800 3110 985 3192 exemptum
1012 3107 1142 3172 lavandi
1175 3109 1263 3182 sunt,
1296 3101 1352 3186 qui
1374 3104 1405 3164 et
1423 3093 1477 3159 vul

137 3217 255 3300 gariter
283 3217 418 3297 apostoli
450 3220 682 3299 nuncupantur,
713 3217 957 3291 distribuentur;
998 3233 1070 3280 cum
1103 3212 1208 3277 tribus
1241 3215 1354 3276 autem
1389 3203 1478 3270 solidis

138 3321 272 3387 residuis
303 3338 367 3384 una
396 3339 477 3384 urna
507 3321 600 3385 butiri
632 3321 762 3400 singulis
790 3323 882 3385 aunis
911 3320 1163 3403 comparabitur,
1198 3319 1289 3401 quod
1318 3311 1478 3381 successive

138 3434 221 3492 inter
242 3446 400 3510 pauperes
421 3423 598 3491 secundum
622 3428 708 3510 quod
724 3428 875 3508 magistro
897 3428 970 3491 dicti
984 3424 1161 3507 hospitalis,
1185 3425 1240 3507 qui
1264 3442 1327 3506 pro
1349 3427 1478 3500 tempore

139 3534 242 3611 luerit,
275 3537 456 3614 competere
478 3533 636 3597 ridebitur
664 3533 829 3597 dividetur.
873 3533 922 3596 Ne
943 3534 1037 3614 igitur
1067 3531 1196 3609 oblivio,
1231 3550 1297 3613 que
1320 3532 1424 3594 mater
1442 3524 1479 3586 est

140 3642 255 3706 erroris
278 3643 309 3703 et
330 3638 572 3717 ingratitudinis,
606 3658 644 3702 ea
677 3658 739 3721 que
771 3639 914 3720 predicta
946 3641 1064 3702 sunta
1085 3636 1249 3701 memoria
1271 3647 1478 3700 successorum

139 3751 321 3813 nostrorum
344 3745 448 3808 valeat
470 3745 609 3821 abolere,
632 3749 814 3826 presentem
828 3747 978 3826 paginam
994 3744 1150 3809 conscribi
1174 3743 1313 3808 fecimus
1336 3746 1369 3806 et
1390 3736 1479 3820 sigrllis

139 3853 343 3937 presentibus
385 3850 529 3915 videlicet
570 3850 720 3932 prepositi
757 3850 924 3931 Pelegrimi
955 3852 987 3913 et
1028 3851 1161 3915 ecclesie
1193 3854 1308 3915 nostre
1350 3848 1480 3912 dedimus

139 3959 324 4024 roboratam
357 3975 416 4038 pro
448 3956 630 4020 testimonio
662 3957 902 4037 premissorum.
947 3956 1027 4020 Acta
1060 3961 1136 4021 sunt
1169 3956 1231 4021 bec
1259 3976 1350 4023 anno
1374 3947 1481 4019 nomini

141 4062 406 4147 M⁰¹)C⁰C⁰C⁰¹),
429 4064 498 4144 ipso
516 4063 568 4125 die
585 4061 734 4143 Dyonisii,
752 4062 872 4127 Rustici
891 4066 923 4126 et
939 4061 1111 4127 Eleutherii
1130 4064 1301 4128 martinum
1317 4062 1480 4128 beatorum.

269 4194 340 4262 tlon
361 4194 417 4260 ben
439 4202 498 4259 oua
520 4193 571 4259 bet
583 4190 719 4258 ttrtunbe
740 4190 948 4275 getdnitteneu
961 4191 1089 4259 women
1102 4192 1186 4261 betbe
1197 4194 1311 4278 stega
1325 4189 1481 4279 ubgtloltn

251 4377 272 4440 ¹)
290 4371 432 4442 Stratoni,
459 4370 545 4433 unet.
566 4369 706 4438 tinctam,
732 4368 778 4425 tir.
798 4368 916 4426 {ledunc
955 4402 987 4409 -
1025 4372 1047 4439 ³)
1067 4371 1123 4429 {tte
1146 4371 1220 4441 gapt
1250 4373 1281 4443 ῆι
1311 4376 1362 4430 mg
1389 4370 1480 4437 neuun

143 4460 227 4517 {tute
246 4457 414 4529 getubrtebcu.

143 4721 222 4789 50⁸.
242 4758 285 4770 -
308 4720 401 4801 1300,
422 4719 560 4793 ὓῐὴῦῑῐ
581 4719 634 4790 li.

311 4849 453 4934 ubetbctc
473 4849 591 4916 &imon
612 4865 672 4914 oon
697 4847 750 4914 ber
771 4846 864 4931 §.lippe
896 4850 1086 4937 butmubet,
1118 4852 1179 4938 boi
1212 4876 1249 4929 et
1281 4861 1348 4931 Mur
1381 4853 1478 4928 &luet
