3210 5354
663 318 733 374 1285
1305 299 1367 364 109

43 486 79 549 rei
95 486 221 553 evidens
242 485 461 550 testimonium
495 489 526 549 et
557 485 656 550 robur
688 489 879 568 perpetuum
912 486 1096 567 presentem
1122 482 1259 548 litteram
1282 481 1370 565 sigilli

48 596 126 658 nostri
155 594 331 659 munimine
358 593 548 660 contulimus
570 592 764 660 roboratam.
808 591 924 657 Actum
948 594 981 656 et
1002 591 1111 656 datum
1134 609 1220 656 anno
1243 589 1368 656 Domini

50 699 313 782 ll⁰CG⁰LXXXV⁰,
335 701 440 775 indie
462 701 549 766 beati
559 700 645 766 Petri
666 700 707 765 ad
720 698 854 780 vincula,
877 700 1078 783 presentibus
1096 698 1238 782 pluribus
1260 698 1369 781 probis

52 807 106 873 riis
125 813 152 874 ei
173 809 325 889 honestis,
347 809 465 875 clericis
487 811 519 873 et
540 808 635 875 laicis.

135 944 155 1011 ¹)
173 941 322 1013 &tuicione
338 941 424 1012 stipi.
444 939 561 1008 tioium,
578 940 750 1012 thenbutp.
771 972 803 980 -
823 942 845 1009 ¹)
864 941 955 998 ttntm
975 941 1023 1012 out
1043 941 1102 998 troo
1121 940 1217 998 ttonbe
1235 940 1315 1012 itaut:

236 1031 331 1097 Agnes
349 1029 383 1083 de
403 1028 486 1083 Cleve
505 1028 557 1082 tibi
575 1028 656 1083 floret
674 1028 774 1096 Lippic
792 1029 907 1084 Defholt

237 1115 336 1184 cappa
354 1115 540 1170 semlerum
560 1116 608 1170 aas
627 1121 656 1170 eo
675 1116 807 1171 nemone
827 1117 1005 1186 Redolphum.
1055 1090 1059 1097 ’

10 1538 14 1595 ἱ
60 1468 110 1537 til·
128 1509 161 1521 -
183 1473 302 1556 ttoott,
323 1473 417 1554 1285,
438 1473 557 1561 tioudi
577 1474 629 1546 la.

194 1607 287 1692 bapti
309 1607 466 1687 beandus
488 1607 538 1674 lV.
560 1607 730 1692 beooitropt
751 1608 805 1675 beo
828 1607 1066 1690 monoceroton
1090 1608 1122 1674 in
1145 1606 1286 1689 tircmeo,
1307 1607 1371 1675 beni

191 1717 306 1797 ittoiteo
327 1716 444 1796 {dirici
465 1715 652 1798 eottrembctc
674 1716 773 1784 (buteo
794 1717 900 1783 nister
922 1734 956 1799 aa
978 1715 1160 1799 occidoiien.

293 1848 425 1920 Dttptnat
443 1850 480 1904 tm
499 1845 696 1918 &attententur
714 1860 747 1919 pr
767 1846 882 1919 biritot.
924 1846 1023 1905 brad:
1051 1847 1221 1920 &nientorp
1244 1847 1373 1920 Salutat

290 1936 328 1995 Θ.
347 1938 400 2004 8οῑ
420 1936 532 2008 diepolt:
552 1935 678 2007 itotttpoit
695 1936 802 2002 222807
820 1934 910 2007 idolii.
929 1934 1012 1994 uati,
1030 1936 1065 2003 V,
1083 1934 1133 1992 itio.
1152 1936 1213 1992 749.
1287 1996 1289 2003 ,

156 2052 315 2119 Honorius
337 2053 506 2137 episcopus
535 2072 646 2118 servus
676 2072 840 2118 servorum
869 2054 926 2119 liei
960 2054 1074 2119 dilecto
1098 2054 1162 2119 filio
1189 2053 1373 2120 ..decano

65 2155 501 2227 ecclesieBremensissalutem
526 2165 558 2226 et
578 2162 785 2245 apostolicam
808 2162 1074 2228 benedictionem.
1106 2161 1157 2225 Ad
1179 2161 1372 2226 audientiam

63 2268 171 2334 labam
193 2271 347 2353 pervenit,
370 2270 456 2353 quod
479 2273 544 2335 tam
568 2268 680 2335 dilecte
702 2270 734 2333 in
756 2269 882 2335 Christo
903 2270 966 2334 filie
988 2321 996 2336 .
1028 2320 1036 2336 .
1058 2270 1222 2334 abbatissa
1245 2272 1275 2333 et
1297 2288 1374 2334 con·

64 2376 148 2440 ventus
177 2378 360 2443 monasterii
394 2377 489 2442 beate
511 2377 610 2458 Maria
642 2380 672 2442 in
706 2377 850 2443 Borstelo
874 2375 1089 2444 cisterciensis
1122 2378 1239 2443 ordinis
1270 2377 1374 2443 Osna·

62 2475 194 2564 burensis
215 2486 351 2551 diocesis
374 2503 470 2569 quam
494 2485 544 2549 ille
567 2504 630 2568 que
652 2485 683 2549 in
700 2481 895 2550 monasterio
917 2486 985 2568 ipso
1002 2489 1223 2568 precesserunt
1245 2486 1374 2551 easdem

63 2583 179 2674 decimas,
202 2594 326 2673 domos,
348 2594 468 2671 vineas,
490 2596 602 2672 terras,
625 2593 856 2675 possessiones,
877 2597 980 2677 prata,
1018 2613 1159 2673 nemora,
1178 2595 1260 2677 jura,
1279 2595 1374 2678 juris·

62 2690 181 2766 dictiones
203 2706 234 2767 et
256 2701 396 2784 quedam
429 2701 491 2767 alia
523 2701 609 2765 bona
641 2701 684 2765 ad
706 2703 934 2766 monasterium
964 2700 1071 2784 ipsum
1094 2702 1270 2784 spectantia
1292 2702 1374 2768 datis

62 2816 135 2885 super
152 2809 212 2876 hoc
234 2810 345 2874 litteris
367 2809 569 2892 interpositis,
589 2809 777 2892 juramentis
799 2809 897 2889 iactis,
920 2810 1209 2875 renunciationibus
1231 2814 1263 2874 et
1284 2810 1375 2892 penis

63 2908 163 2991 adiectis
184 2916 216 2982 in
239 2935 370 3000 gravem
392 2915 490 2998 ipsius
511 2917 693 2981 monasterii
721 2916 875 2980 lesionem
904 2917 1064 2982 nonnullis
1094 2917 1213 2982 clericis
1237 2920 1268 2981 ei
1289 2916 1375 2983 laicis

63 3012 190 3101 aliquibus
213 3044 323 3089 eorum
346 3024 388 3088 ad
411 3025 505 3087 vitam
529 3023 720 3106 quibusdam
752 3043 827 3088 vero
856 3025 898 3089 ad
920 3044 985 3089 non
1008 3024 1168 3089 modicum
1194 3028 1321 3109 tempus
1344 3030 1375 3090 et

61 3121 110 3189 alifis
135 3134 287 3215 perpetuo
320 3131 362 3196 ad
394 3131 521 3196 firmam
544 3131 593 3195 rel
615 3133 675 3197 sub
701 3151 798 3196 censu
830 3151 937 3197 annuo
971 3137 1205 3213 concesserunt,
1237 3154 1374 3216 quorum

62 3229 133 3317 alqui
151 3260 246 3324 super
267 3239 327 3305 hiis
348 3238 468 3305 litteras
489 3239 738 3304 confirmationis
760 3239 792 3302 in
815 3239 918 3305 iorrna
929 3243 1089 3306 communi
1111 3242 1223 3306 asede
1245 3245 1375 3325 aposto-

62 3336 104 3406 lica
119 3347 301 3431 impetrasse
324 3347 479 3413 dicuntur.
533 3346 614 3424 Quia
645 3366 721 3411 vero
755 3350 864 3411 nostra
898 3348 1037 3427 interest,
1070 3349 1144 3413 lesis
1177 3352 1376 3416 monasteriis

62 3448 210 3536 subvenire,
243 3456 423 3522 discretioni
445 3459 500 3520 tue
521 3475 579 3537 per
600 3453 775 3537 apostolica
797 3454 914 3537 scripta
935 3456 1138 3536 mandamus,
1166 3459 1315 3540 quatinus
1338 3477 1376 3524 ea

64 3573 109 3636 itte
127 3563 163 3629 de
183 3564 278 3630 bonis
302 3563 446 3648 ejusdem
469 3563 652 3628 monasterii
685 3582 743 3645 per
775 3563 995 3628 concessiones
1028 3563 1209 3647 hujusmodi
1241 3565 1377 3632 alienata

64 3660 190 3739 inveneris
212 3673 316 3739 illicite
340 3672 388 3738 vel
412 3673 562 3737 distracta
583 3690 649 3735 non
671 3671 872 3737 obstantibus
895 3671 1014 3751 litteris,
1044 3673 1242 3755 juramentis,
1276 3675 1375 3757 penis,
1467 3655 1470 3662 ¹

65 3781 326 3848 renunciationibus
361 3785 394 3846 et
415 3779 707 3846 confirmationibus
742 3780 930 3863 supradictis
960 3781 1000 3844 ad
1020 3781 1073 3864 jus
1096 3783 1128 3844 et
1150 3782 1376 3864 proprietatem

65 3879 177 3960 ejusdem
200 3889 384 3955 monasterii
417 3890 555 3971 legitime
588 3907 738 3952 revocare
771 3908 922 3971 procures
955 3889 1202 3954 contradictores
1224 3911 1281 3973 per
1302 3911 1377 3956 cen·

66 4001 146 4058 uum
166 3999 407 4065 ecclesiasticam
431 3996 642 4079 appellatione
654 3997 831 4079 postposita
851 3997 1095 4079 compescendo.
1133 3997 1246 4062 Testes
1269 4002 1377 4064 autem

68 4096 228 4173 nituerint
251 4106 416 4185 nominati,
442 4106 467 4169 si
490 4125 524 4169 se
546 4107 655 4186 gratia,
679 4106 751 4170 odio
774 4106 823 4170 vel
853 4106 965 4171 timore
987 4107 1209 4183 subtraxerint,
1244 4124 1378 4171 censura

69 4201 136 4274 situlli
163 4215 376 4299 appellatione
409 4219 553 4279 cessante
586 4213 758 4296 compellas
789 4214 912 4289 veritati
951 4213 1165 4279 testimonium
1201 4214 1377 4296 perhibere.

71 4303 158 4385 Datum
178 4322 316 4408 Tybure,
341 4323 414 4388 Idus
436 4323 579 4404 Augusti,
601 4321 803 4405 pontificatus
824 4321 925 4386 nostri
947 4341 1032 4387 anno
1054 4323 1167 4404 primo.

167 4453 229 4537 itui
252 4454 303 4521 bet
325 4453 511 4534 bootaieite
540 4452 631 4535 tedia
664 4453 737 4520 oben
769 4455 802 4520 tn
835 4455 885 4521 bet
907 4452 972 4520 dds
1003 4452 1134 4536 pusioni
1156 4453 1378 4537 bordiciden:

73 4544 123 4634 Ali
158 4561 230 4629 tinia
252 4567 341 4629 untes
372 4561 437 4629 oen
459 4561 545 4645 tinge
577 4562 627 4627 beo
656 4560 959 4645 gobtunpaoccmert:
993 4559 1057 4626 iac.
1091 4560 1229 4628 Roman.
1273 4562 1380 4646 iliadis

75 4655 113 4738 lli
129 4663 183 4735 bn
202 4669 310 4755 dupe:
335 4670 355 4734 d
378 4719 513 4736 .....
536 4706 578 4716 -
612 4667 676 4751 itui
698 4670 748 4735 beo
770 4668 925 4749 iiittdieitc,
958 4668 990 4734 io
1017 4669 1066 4735 ber
1089 4667 1181 4735 auito
1204 4669 1288 4752 oben,
1320 4689 1379 4739 oon

76 4759 121 4832 oia
138 4771 256 4863 armen
279 4777 431 4863 angeheri,
452 4778 503 4846 bct
524 4777 816 4862 brooorotomorne:
839 4776 1055 4843 Theodericus
1076 4778 1118 4844 de
1140 4778 1337 4863 Helpinsten.

172 4907 313 4978 arcione
334 4927 384 4977 on
405 4907 587 4991 tiinbtobon.
