3210 5354
240 315 306 383 350
877 331 947 389 maa

240 518 304 581 que
327 499 445 565 dictam
460 498 581 565 curiam
598 499 736 565 tenuerit
748 503 779 566 et
789 500 976 583 possederit,
999 499 1108 566 omnia
1120 501 1206 584 ligna
1227 518 1414 585 quercuum
1438 503 1469 567 et
1489 503 1572 567 cetera

239 609 458 691 cujuscunque
480 609 606 690 generis
628 609 690 673 sint
712 612 768 673 aut
789 608 907 674 luerint
929 607 1046 674 stantia
1069 612 1101 674 et
1123 609 1300 674 nascentia
1323 608 1413 675 intra
1434 609 1483 674 vel
1504 612 1573 674 ertrr

239 720 330 798 septa
353 718 435 782 dicte
457 716 543 783 curie
566 718 699 798 excepto
721 735 853 782 nemore
871 718 963 800 juxta
985 717 1243 800 vlmdesbrucge
1264 717 1328 781 sito
1350 716 1399 781 ad
1420 736 1497 781 usus
1516 736 1574 781 sum
1596 716 1599 725 '

238 824 381 890 habeant
402 829 557 908 perpetuo
579 828 611 888 et
633 825 674 889 de
697 825 817 889 eisdem
841 823 967 904 iaciant,
990 824 1135 908 quodeis
1156 824 1319 890 videbitur
1340 826 1506 908 expedire,
1530 844 1574 890 nat

239 953 299 1000 nos
320 937 377 998 aut
398 935 496 998 nostri
519 926 991 998 successoresintromittemus
1022 932 1062 997 de
1084 930 1204 996 eisdem
1227 931 1337 1016 aliqua
1360 937 1499 1002 ratione.
1537 935 1576 999 lo·

238 1059 335 1123 super
357 1041 458 1105 dictus
481 1039 686 1106 Thethardus
708 1041 872 1124 disposuit,
894 1040 992 1106 voluit
1006 1043 1038 1105 et
1053 1039 1226 1119 mandavit,
1248 1060 1292 1106 ne
1314 1060 1477 1126 umquam
1498 1042 1577 1126 preli·

237 1150 313 1215 bata
347 1150 434 1214 curia
464 1167 485 1213 a
517 1149 660 1232 predicto
692 1149 841 1231 hospitali
876 1150 1030 1215 alienetur
1061 1153 1116 1215 aut
1146 1148 1225 1215 alias
1258 1149 1458 1217 venditionis
1488 1150 1576 1235 tytulo

237 1258 456 1336 transferatur,
490 1258 547 1323 sed
569 1260 674 1341 potius
707 1258 748 1323 ad
781 1259 940 1342 prelatum
963 1259 1207 1342 inperpetuum
1235 1260 1401 1341 pertineat
1422 1259 1578 1343 hospitale,

237 1371 273 1432 ut
294 1368 342 1431 sui
364 1366 519 1432 memoria
540 1367 571 1431 in
595 1367 708 1432 eodem
732 1367 911 1450 diligentius
934 1371 965 1433 et
981 1367 1217 1432 memorabilius
1239 1366 1417 1433 habeatur.
1443 1368 1578 1434 ltolentes

237 1476 469 1554 nichilominus,
503 1479 538 1540 ut
570 1473 755 1559 signitustt)
788 1473 875 1539 idem
897 1474 1103 1540 Thetbardus
1137 1476 1178 1541 de
1210 1493 1343 1540 suorum
1375 1478 1497 1561 etjam
1518 1475 1578 1541 didi

237 1584 400 1667 hospitalis
422 1584 596 1648 amicorum
620 1581 752 1648 consilio
775 1583 815 1647 de
838 1584 1070 1649 conditionibus
1090 1587 1122 1648 et
1143 1584 1354 1668 pensionibus
1365 1582 1578 1668 suprascriptis

238 1715 297 1779 pro
320 1694 392 1760 dicti
413 1691 578 1777 hospitalis
600 1689 725 1755 utilitati
737 1689 777 1775 (l)
801 1693 833 1755 et
854 1692 1038 1757 evidentiori
1060 1692 1203 1775 proiectu
1236 1693 1374 1758 voluerit
1396 1694 1518 1760 addere
1535 1692 1576 1757 vel

239 1807 374 1882 mutare,
396 1801 528 1867 liberam
551 1800 672 1864 habeat
694 1798 885 1875 facultatem,
908 1800 1055 1881 quotiens
1070 1801 1119 1865 vel
1138 1801 1269 1883 quando
1288 1801 1349 1867 sibi
1367 1802 1474 1868 visum
1496 1802 1573 1868 nort

238 1914 398 1996 expedire.
462 1910 533 1988 Que
567 1911 681 1975 cuncta
712 1913 744 1972 ct
776 1908 899 1989 singula
942 1909 1157 1992 suprascripta
1199 1928 1259 1992 per
1299 1930 1361 1976 nos
1398 1916 1431 1976 et
1462 1915 1573 1977 nostra

238 2038 438 2086 successores
460 2018 609 2083 volumus
632 2015 796 2083 observari
810 2020 841 2080 et
856 2015 991 2081 fideliter
1011 2017 1187 2102 adimpleri.
1220 2020 1257 2085 ln
1279 2038 1421 2104 quorum
1445 2019 1569 2087 omnim

237 2129 455 2194 testimonium
490 2127 620 2192 evidens
654 2131 685 2190 et
717 2125 882 2189 munimen
915 2125 1050 2207 sigillum
1083 2128 1214 2211 predicti
1246 2128 1417 2213 hospitalis
1449 2146 1567 2195 unacum

238 2238 369 2302 civitatis
381 2234 646 2317 osnaburgensis,
670 2234 877 2300 Wicbmanni
892 2234 934 2298 de
951 2234 1097 2316 Visbeke,
1121 2235 1274 2301 lobannis
1287 2235 1400 2317 Brant,
1422 2235 1564 2304 Gosddd

238 2347 278 2412 de
301 2344 526 2425 Swalenberge
549 2348 580 2408 et
602 2343 755 2409 Gerbardi
779 2345 916 2410 Frisonis
936 2346 1077 2426 presenti
1107 2347 1223 2429 pagine
1244 2346 1398 2412 duximus
1420 2362 1560 2431 apponen-

238 2456 324 2521 dum.
369 2453 486 2518 Datum
509 2452 724 2534 Osenbrucge,
758 2473 844 2518 anno
867 2453 993 2518 Domini
1027 2452 1193 2520 millesimo
1227 2455 1451 2521 ducentesimo
1479 2468 1557 2520 nour·

236 2565 358 2647 gesimo
380 2582 477 2641 nono,
498 2560 530 2624 in
553 2560 658 2642 vigilia
679 2560 812 2627 Pascha.

363 2694 457 2776 &erbe
480 2693 586 2778 &tepet
618 2693 725 2778 bingen
757 2711 815 2759 on:
859 2692 949 2776 puerit
970 2693 1027 2759 bur
1056 2692 1107 2760 hee
1137 2691 1306 2777 botpttota,
1341 2697 1424 2766 tonn
1452 2698 1501 2764 bot
1517 2694 1552 2759 tr

237 2805 352 2890 &toth
376 2805 422 2872 bie
444 2802 567 2888 tibrinen
591 2802 641 2887 hut
664 2803 715 2869 ber
737 2801 920 2884 ttbidtettet
943 2803 1016 2885 nicht
1039 2802 1190 2883 britimnt.

234 3327 313 3396 550.
337 3366 376 3378 -
400 3328 494 3406 1299,
517 3326 610 3410 baril
632 3327 684 3397 25.

403 3458 483 3541 (drot
506 3458 666 3541 §lohannes
705 3477 763 3525 oon
786 3456 963 3541 Dtbenburq
997 3455 1149 3539 tibertrtpt
1182 3456 1246 3522 bern
1280 3455 1382 3523 uiuet
1411 3456 1488 3540 bopo
1506 3465 1546 3516 ron

401 3568 502 3646 borne
525 3567 581 3635 boa
604 3569 782 3652 uigentbunr
806 3568 886 3635 eiuro
909 3565 1011 3650 [tilher
1033 3584 1091 3632 oon
1114 3565 1174 3649 thur
1197 3564 1408 3651 tehnrtthriprn
1429 3565 1508 3632 tries
1524 3559 1545 3621 in
1593 3598 1596 3685 4

401 3675 491 3744 liutet
512 3695 546 3760 pu
569 3676 657 3758 trater
679 3677 867 3763 tterittpunp.

500 3807 630 3878 tibidritt
650 3808 698 3864 bra
718 3811 760 3865 14.
779 3809 882 3880 flattu
902 3810 938 3864 trn
958 3808 1027 3878 litte.
1048 3809 1109 3869 161,
1128 3808 1187 3863 101.

359 3925 424 3990 Nos
446 3924 608 3990 Jobannes
631 3945 739 3990 comes
761 3926 863 3989 dictus
893 3925 934 3989 de
956 3924 1141 4005 Aldenborg
1172 3923 1429 4006 recognoscimus
1449 3925 1477 3987 et
1494 3933 1545 4001 prr⁴
1593 3962 1595 3985 .

233 4031 378 4099 sentibus
410 4035 635 4113 protestamur,
672 4034 758 4115 quod
792 4054 851 4098 nos
886 4034 925 4097 de
958 4051 1178 4097 consensu..
1206 4031 1361 4097 heredum
1395 4036 1545 4097 nostrorum

233 4143 347 4208 dilecto
369 4141 463 4206 nobis
479 4141 604 4223 Hugoni
627 4142 714 4206 militi
739 4142 822 4207 dicto
845 4140 885 4205 de
898 4141 1007 4204 Horne
1021 4141 1246 4223 proprietatem
1269 4139 1384 4205 domus
1398 4142 1429 4205 in
1442 4130 1545 4210 Boclo¹l

232 4272 305 4318 cum
339 4252 404 4315 suis
437 4249 619 4329 attinentiis,
653 4269 751 4332 quarn
785 4252 858 4314 olim
881 4267 900 4311 a
922 4249 1013 4313 nobis
1047 4251 1193 4312 tenuerat
1224 4247 1257 4311 in
1292 4246 1397 4324 feodo,
1427 4243 1544 4330 pretextu

233 4360 377 4445 specialis
399 4359 515 4424 favoris
538 4358 636 4423 libere
659 4357 848 4422 contulimus
882 4362 914 4421 et
935 4355 1136 4439 presentibus
1158 4354 1352 4421 conserimus
1375 4355 1472 4421 eidem
1490 4363 1544 4415 oon·
1593 4348 1595 4361 '

232 4472 381 4536 cedentes
403 4471 594 4551 potestatem
628 4467 803 4548 plenariam
839 4485 910 4530 curn
934 4466 1002 4548 ipsa
1039 4466 1135 4530 domo
1162 4464 1308 4545 faciendi,
1331 4452 1543 4547 disponenda
1593 4494 1595 4503 ·

232 4579 408 4655 ordinandi,
442 4574 528 4658 quod
561 4594 618 4638 suo
652 4573 805 4656 placuerit
827 4573 988 4639 voluntati.
1032 4571 1135 4655 Super
1157 4573 1273 4656 quibus
1300 4574 1435 4638 eundem
1457 4558 1543 4635 tend

232 4685 369 4749 candum
392 4685 542 4749 duximus
565 4682 758 4764 presentium
782 4681 963 4746 testimonio
986 4680 1169 4747 litterarum.
1208 4681 1326 4747 Datum
1348 4700 1431 4747 anno
1445 4664 1542 4745 nonu
1593 4756 1595 4763 Ι

231 4788 483 4868 M⁰GC⁰X⁰ClX,
505 4791 537 4854 in
559 4789 610 4854 die
631 4790 726 4856 Marci
750 4789 953 4872 evangeliste.

338 4968 359 5041 ¹)
378 4968 471 5039 ffiutrt,
488 4968 575 5041 ttrtpt.
595 4968 710 5027 blatum.
