3210 5354
719 296 788 350 1296
1359 284 1424 349 285

149 504 152 523 .
175 494 220 507 -
243 457 592 545 lustratorum
615 459 667 530 21.
1372 563 1380 575 Ι

246 590 362 674 tlitrhoi
379 591 501 661 donroh
516 610 576 660 oon
588 592 763 661 Denohrtid
783 593 929 673 betimmt
950 593 1223 681 mitguttinonunq
1245 596 1297 664 hee
1315 614 1424 681 gonnor

245 698 395 782 ttooiteto,
416 699 475 781 tot
497 699 558 768 teir
580 701 731 787 thomices
754 701 929 787 cmonriotrt
960 702 1077 770 werhen
1107 702 1175 787 toti„
1200 705 1250 772 her
1272 705 1346 788 nicht
1367 705 1424 772 bot

245 807 297 875 20.
319 808 402 894 Soter
423 809 567 878 oottcnhet
588 811 649 878 unt
674 810 721 878 ein
744 810 825 895 {ioht
854 812 887 877 tn
910 810 1008 895 itioris
1041 811 1110 878 oter
1142 812 1299 882 cunerono
1330 813 1424 894 dohet

246 913 365 984 tontes
388 915 492 996 tuhtrt
514 918 574 1001 trot.

342 1047 525 1122 hiteidrgritige
544 1049 728 1122 ittetcrtdrrtft
746 1054 775 1108 io
794 1051 864 1122 illic.
885 1053 945 1121 185,
965 1051 1002 1110 ἓ.
1023 1054 1082 1108 160.

202 1167 298 1232 Anno
320 1167 363 1234 ab
397 1168 614 1235 incarnatione
647 1168 773 1235 Domini
811 1168 932 1235 M⁰CC⁰
963 1170 1171 1252 nonagesimo
1192 1169 1245 1250 Vt,
1278 1168 1338 1234 XII
1359 1169 1422 1236 Ka·

149 1293 187 1340 as
209 1275 325 1359 Aprilis
347 1280 501 1342 statutum
524 1282 572 1344 est
594 1298 652 1362 per
672 1278 882 1343 reverendum
916 1273 1039 1362 patr'em
1064 1283 1095 1344 et
1131 1277 1296 1343 dominum
1320 1278 1422 1344 domi·

149 1407 153 1447 ι
177 1382 364 1449 conradum
386 1385 445 1450 Dei
478 1386 580 1469 gratia
613 1387 799 1469 episcopum
821 1385 1103 1468 Osnaburgensem
1139 1385 1180 1450 de
1211 1403 1369 1450 consensu
1391 1389 1424 1451 et

149 1492 224 1557 vota
247 1492 410 1558 voluntate
422 1492 566 1577 Hugonis
578 1494 739 1578 prepositi,
751 1494 909 1561 'thiderici
920 1494 1084 1574 scolastici,
1096 1494 1254 1559 Lodewici
1275 1495 1422 1577 cantoris,

149 1598 232 1665 nardi
254 1598 444 1666 thesaurarii
467 1620 504 1667 ac
525 1602 622 1667 totius
644 1601 780 1684 capituli,
807 1606 842 1667 ut
864 1601 905 1666 de
926 1601 1087 1667 canonicis
1107 1603 1295 1685 recipiendis
1317 1602 1422 1669 nullus

149 1711 249 1774 cetero
272 1706 500 1794 emancipetur,
534 1711 593 1775 nisi
626 1710 811 1775 vicesimum
845 1709 938 1774 etatis
971 1728 1028 1774 sue
1049 1728 1172 1775 annum
1195 1711 1369 1794 expleverit
1390 1713 1422 1775 et

149 1817 213 1882 sius
234 1836 292 1882 seu
314 1817 393 1884 alias
414 1819 446 1883 in
468 1819 538 1884 loco
562 1817 730 1902 sollempni
753 1821 841 1883 extra
862 1817 1054 1901 provintiam
1076 1838 1162 1884 anno
1184 1818 1306 1902 integro
1328 1819 1423 1885 luerit

150 1926 226 1991 iose.
267 1924 308 1991 Et
329 1946 389 1992 nos
410 1927 542 2010 predicti
565 1926 658 2009 Hugo
680 1927 872 2009 prepositus,
893 1925 1080 1991 Thidericus
1101 1926 1294 2004 scolasticus,
1318 1927 1424 1993 Lode-

149 2052 174 2098 rs
207 2037 330 2113 cantor,
363 2034 546 2101 Gerhardus
589 2035 812 2100 thesaurarius
845 2037 876 2099 et
908 2034 1081 2116 capitulum
1115 2033 1183 2100 Deo
1226 2039 1259 2100 ct
1292 2035 1423 2101 ecclesie

149 2142 278 2207 oisiums
314 2147 346 2208 et
378 2142 592 2226 promittimus
624 2141 688 2207 ilde
710 2141 843 2225 prestita
865 2142 1030 2225 corporali,
1064 2144 1150 2225 quod
1172 2146 1326 2209 statutum
1348 2162 1422 2227 pre·

149 2269 196 2315 rm
217 2269 276 2334 per
296 2270 357 2316 nos
380 2253 412 2315 et
433 2269 634 2319 successores
663 2253 790 2316 nostros
822 2251 854 2315 in
884 2250 1018 2316 ecclesia
1046 2257 1156 2319 nostra
1183 2251 1301 2318 debeat
1322 2252 1422 2317 invio·

149 2361 210 2426 iter
230 2360 404 2427 observari.
441 2407 443 2412 -

167 2841 204 2856 -
228 2805 324 2889 1296,
346 2806 442 2893 illitu
465 2808 519 2880 26.

240 2939 312 3007 thoe
336 2939 616 3024 movendorum
638 2937 778 3018 litttntter
799 2937 931 3021 certauit
957 2957 998 3006 on
1020 2938 1076 3005 hot
1098 2936 1211 3018 ittottet
1233 2937 1418 3021 illationieth

239 3046 296 3114 hoe
328 3046 406 3114 debe
436 3044 548 3126 herthe
580 3046 621 3112 tor
653 3044 812 3128 titedioiet
841 3045 1000 3131 umectent
1029 3048 1090 3115 noh
1120 3048 1176 3115 hen
1204 3047 1336 3133 gehnten
1367 3049 1418 3118 het

241 3153 336 3222 &thet
358 3154 578 3222 Henninchus.

330 3280 482 3359 'Ddgtnotz
499 3288 693 3358 &teutdradus
710 3288 844 3360 utentem.
871 3288 982 3360 hiepett:
1002 3286 1093 3359 tssrttf.
1110 3287 1193 3346 usti.
1210 3290 1262 3356 ΙΙΙ,
1278 3289 1328 3346 lto.
1340 3290 1418 3345 1543.

197 3403 357 3471 Universis
379 3425 512 3489 presens
534 3409 685 3490 scriptum
709 3408 821 3473 visuris
843 3410 876 3471 et
897 3406 1053 3472 audituris
1075 3425 1136 3472 nos
1153 3405 1225 3474 Ode
1238 3406 1297 3471 Dei
1317 3408 1419 3490 gratia

149 3509 244 3592 atissa,
265 3511 443 3596 vaareta
464 3514 613 3598 priorissa
632 3519 829 3598 ..totusque
852 3517 1029 3579 conventus
1051 3514 1237 3581 ancillarum
1249 3514 1364 3581 Christi
1376 3517 1417 3582 de

149 3621 184 3682 to
204 3619 314 3702 Epidio
336 3621 469 3687 civitatis
491 3623 750 3688 Monosteriensis
780 3626 893 3688 tenore
919 3624 1117 3706 presentium
1138 3628 1251 3690 notum
1274 3624 1416 3705 facimus,

149 3726 222 3794 dde
244 3730 444 3813 heneplacito
466 3735 498 3798 et
519 3751 679 3798 consensu
708 3731 871 3797 communi
905 3732 1048 3797 omnium
1083 3734 1228 3797 nostrum
1261 3752 1320 3797 nec
1353 3752 1419 3798 non

149 3835 228 3922 olphi
250 3841 402 3924 prepositi
424 3841 523 3907 nostri
544 3841 745 3906 vendidimus
759 3840 832 3905 viris
854 3841 1007 3924 religiosis
1031 3892 1039 3907 .
1064 3893 1071 3907 .
1095 3841 1204 3906 abbati
1227 3843 1258 3906 et
1282 3891 1289 3905 .
1312 3893 1320 3907 .
1343 3861 1420 3907 oon-

149 3946 181 4010 :ui
212 3948 253 4013 de
289 3947 412 4033 Campo
456 3954 564 4015 sancte
596 3950 694 4016 Marte
739 3951 857 4015 ordinis
896 3949 1123 4033 Cysterciensis
1161 3949 1418 4015 Moaasteriensis

149 4056 215 4120 cesis
237 4075 387 4123 mansum
410 4061 556 4123 nostrum
578 4057 686 4123 Herde
721 4059 816 4122 situm
845 4060 876 4122 in
899 4057 1066 4141 parrochia
1088 4057 1290 4123 Hersebrohe
1312 4057 1417 4123 Oson-

149 4165 237 4242 gensis
260 4165 405 4248 dyocesis
435 4186 508 4232 cum
531 4167 680 4233 omnibus
713 4167 778 4233 suis
800 4168 975 4233 attinenciis
1008 4167 1103 4247 silvis,
1136 4167 1244 4249 pratis,
1278 4167 1416 4250 pascuis,

149 4286 169 4348 s,
187 4272 330 4354 piscariis
351 4293 477 4339 necnon
499 4276 654 4342 decimam
677 4277 794 4343 domus
815 4275 1023 4342 Henninclrus
1053 4295 1125 4341 cum
1150 4277 1273 4341 minuta
1293 4276 1418 4342 decima

157 4375 264 4444 LXXV
286 4384 402 4448 marcis
430 4389 560 4450 monete
583 4385 747 4450 currentis.
792 4384 897 4462 Quam
920 4384 1091 4468 pecuniam
1118 4404 1158 4449 ex
1180 4388 1302 4468 integro
1324 4384 1417 4450 nobis

149 4490 285 4569 roratum,
307 4489 456 4556 traditam
479 4497 511 4558 et
532 4495 669 4560 solutam
693 4513 730 4560 ac
751 4493 783 4559 in
797 4495 964 4560 utilitatem
978 4495 1077 4560 nostri
1091 4493 1214 4558 cenobii
1228 4511 1416 4558 conversam

149 4589 198 4659 lice
218 4596 408 4665 confitemur
440 4602 668 4668 transferentes
696 4604 727 4668 in
757 4605 844 4686 ipsos
866 4653 874 4667 .
897 4653 905 4668 .
928 4601 1080 4667 abbatem
1103 4606 1135 4666 et
1157 4653 1164 4666 .
1189 4653 1196 4667 .
1220 4605 1415 4668 conventum

164 4701 258 4769 dictos
280 4707 423 4773 unanimi
445 4710 608 4776 voluntate
630 4732 726 4778 omne
745 4713 809 4796 jus,
839 4711 925 4795 quod
947 4711 1040 4776 nobis
1070 4712 1102 4774 in
1121 4711 1188 4793 jam
1211 4708 1302 4774 dictis
1323 4709 1416 4776 bonis

149 4811 225 4878 {eous
256 4815 417 4899 competiit
450 4817 499 4882 vet
532 4824 714 4903 competere
743 4821 919 4887 videbatur.
963 4819 1001 4885 In
1022 4821 1111 4903 quus
1132 4819 1179 4883 rei
1201 4818 1417 4884 testimonium
1452 4846 1459 4860 ·

149 4931 206 4984 tens
235 4921 388 5007 scriptum
422 4929 543 5006 nostro,
587 4928 717 4995 ecclesie
750 4932 858 4995 nostre
893 4947 931 4994 ac
952 4926 1109 5011 Ludotphi
1143 4928 1294 5013 prepositi
1316 4930 1417 4996 nostri
