3210 5354
744 343 814 399 tuae
1384 330 1443 396 131

157 514 269 579 tesiam
291 517 436 579 nostram
458 512 664 595 indempnem
686 529 895 590 reservemus,
923 511 1101 596 recepimus
1121 531 1141 577 a
1162 511 1288 594 prefato
1309 509 1444 576 Ernesto

157 622 218 686 suis
241 621 415 686 heredibus
435 620 584 704 predictis
605 620 833 704 proprietatem
854 618 950 683 curtis
972 619 1003 683 in
1016 618 1257 704 Crulreuhem¹)
1280 638 1352 684 cum
1375 619 1441 684 suis

157 730 274 794 nentiis
296 731 389 794 sitam
413 731 445 794 iu
465 728 633 812 parrochia
654 726 757 806 Melle,
780 727 916 791 duarum
938 726 1106 792 domorum
1128 728 1161 792 iu
1183 726 1321 813 Nutlo,³)
1351 727 1445 792 unius

157 856 218 901 uus
250 839 282 901 in
311 837 467 902 Lutteken
496 835 641 920 Lintlo‚‘)
674 834 767 900 unius
798 835 913 900 domus
945 835 977 899 iu
1010 835 1266 920 Bodensvelde⁶)
1298 835 1445 901 etunius

157 962 218 1009 uus
240 944 323 1010 dicte
344 943 550 1030 Rofnageu⁶)
580 945 612 1008 in
645 943 811 1027 parrochia
832 942 949 1009 Rodhe
974 943 1147 1008 Mindensis
1178 943 1331 1027 dyocesis,
1360 944 1446 1026 paris

157 1052 347 1118 mutationis
369 1052 470 1136 tytulo
492 1052 559 1117 vice
581 1053 613 1116 et
630 1052 700 1117 loco
721 1049 879 1116 bonomm
900 1052 1150 1117 ministerialium
1172 1071 1231 1134 pro
1253 1051 1379 1116 eadem.
1407 1050 1447 1117 ut

163 1161 274 1226 omnia
303 1164 472 1243 prenotata
500 1160 593 1225 lirma
623 1163 776 1224 maneant
809 1163 840 1224 et
872 1160 1066 1238 inconvulsa,
1097 1163 1279 1243 presentem
1310 1161 1446 1226 litteram

157 1274 214 1335 vtro
236 1273 269 1334 et
290 1269 417 1352 capituli
448 1269 549 1335 nostri
580 1269 686 1352 sigillis
713 1270 745 1332 in
779 1272 970 1351 perpetuum
993 1269 1161 1334 munimen>
1181 1269 1329 1335 duximus
1351 1269 1447 1334 robo-

157 1377 250 1444 rdam.
294 1375 334 1441 ut
356 1395 415 1441 nos
438 1425 445 1441 .
469 1428 477 1443 .
500 1376 680 1460 prepositus
704 1428 711 1444 .
735 1427 742 1443 .
765 1376 905 1442 decanus
928 1382 959 1442 et
980 1376 1152 1460 capitulum
1177 1378 1310 1459 predicti
1330 1378 1363 1442 in
1385 1375 1448 1458 sig·

157 1505 182 1551 n
203 1482 304 1551 nostri
324 1502 499 1550 consensus
521 1483 657 1566 sigillum
679 1487 824 1549 nostrum
840 1484 1028 1567 profitemur
1039 1483 1242 1567 presentibus
1256 1485 1448 1568 appendisse

157 1593 415 1677 recognoscimus
436 1593 651 1676 suprascripta
673 1592 781 1658 omnia
801 1610 872 1656 esse
894 1611 978 1658 vera.
1016 1594 1133 1658 Actum
1156 1596 1188 1656 et
1210 1593 1322 1657 datum
1344 1592 1448 1657 Oseu-

157 1720 216 1785 rge,
248 1719 335 1766 anno
365 1699 493 1765 Domini
524 1699 646 1766 tl⁰cc⁰
676 1700 870 1781 octogesimo
901 1703 1002 1781 sexto,
1034 1702 1067 1765 in
1096 1699 1199 1784 vigilia
1230 1699 1446 1783 apostolorum

157 1811 239 1874 riet
259 1807 359 1875 Pauli.

227 1941 277 2008 tto
299 1940 403 2025 retica
426 1939 632 2023 &edentibus
653 1939 711 2008 bae
733 1940 840 2025 erige
871 1939 923 2007 beo
956 1937 1090 2022 hildulo
1121 1938 1176 2007 mit
1200 1938 1361 2024 ittdieget
1383 1940 1445 2007 ant

157 2049 247 2117 tutte
269 2047 484 2133 stopitctiegct.

209 2232 230 2300 ²)
249 2229 381 2302 Μαι,
403 2228 490 2300 Rtlpt.
510 2227 623 2300 &ababa
662 2258 694 2268 -
732 2229 754 2297 ¹)
772 2227 901 2296 stratum,
927 2227 1014 2299 sttfpt
1034 2227 1188 2298 tittecrdtob,
1215 2227 1261 2285 dr.
1280 2227 1375 2285 iltctlc.
1412 2258 1445 2267 -

157 2316 275 2386 uacua
286 2317 333 2376 stt.
344 2316 476 2376 urracae.
495 2348 528 2357 —
547 2317 571 2384 ⁴)
589 2315 706 2386 ttriteta,
719 2315 765 2374 itt.
777 2315 909 2374 tibtote.
929 2347 961 2356 -
981 2316 1212 2385 ⁶)Bodeusvelde,
1225 2315 1311 2388 dtlpt.
1323 2314 1445 2387 hebben.

157 2405 351 2477 ηοω.
370 2403 457 2475 otia.
477 2402 599 2476 aaran.

157 2745 232 2814 1.-
254 2745 350 2827 rute,
372 2744 450 2825 salt
470 2746 502 2817 8.

266 2877 384 2960 illidet
406 2878 528 2946 Ronrcb
550 2896 610 2946 oon
633 2876 806 2946 uenatum
828 2878 976 2962 hahebat,
1008 2879 1066 2961 bui
1088 2879 1223 2966 bdnrid
1255 2899 1315 2949 oon
1339 2880 1446 2963 wilica

266 2986 323 3054 ortt
344 2985 552 3071 finitimorum
583 2988 635 3054 bre
657 2985 864 3069 ibomtopitete
894 2989 979 3056 circu
1001 2988 1091 3058 atat
1121 2990 1188 3075 (bct
1210 2989 1250 3074 bt.
1274 2988 1444 3076 habitae)

267 3094 312 3162 lav
332 3093 432 3163 boore
455 3094 577 3179 geittttct
609 3094 671 3161 aab
700 3094 772 3179 boga
794 3097 851 3163 boo
874 3097 951 3165 erbe
973 3096 1097 3181 litatio
1124 3098 1157 3165 io
1179 3098 1285 3183 licina
1306 3096 1445 3183 galdcnlt

265 3203 335 3287 bon
358 3220 390 3270 et
411 3203 564 3288 denotat
585 3205 649 3272 ban
672 3203 763 3272 ttltot
786 3205 843 3271 boo
865 3205 1045 3291 bigartium
1066 3207 1118 3273 beo
1140 3205 1244 3274 tabeo.

367 3333 499 3408 wicbolt
517 3343 572 3393 bon
589 3337 658 3392 1436
677 3335 786 3408 tablis.
806 3339 869 3407 188,
887 3336 1063 3408 &34⁸(A),
1081 3337 1167 3410 avogi.
1186 3339 1234 3396 tce
1245 3340 1287 3395 18.
1297 3337 1399 3411 Satri.
1418 3340 1447 3397 ta

366 3420 437 3493 title.
455 3423 519 3492 193,
537 3422 575 3481 Θ.
595 3424 639 3479 35.
677 3422 780 3482 titud:
808 3423 979 3494 butenhart,
997 3424 1086 3496 {liciti
1105 3424 1253 3498 sscltldrtttt
1271 3427 1305 3494 V,
1329 3425 1367 3484 ὦ.
1385 3427 1446 3483 241.

224 3538 394 3606 conradus
424 3538 483 3603 Dei
512 3539 617 3622 gratia
645 3540 814 3625 episcopus
849 3543 978 3607 ecclesie
1011 3542 1267 3625 osnaburgensis
1298 3543 1447 3608 omnibus

157 3647 334 3732 seriptum
357 3648 469 3713 visuris
491 3652 524 3712 et
546 3648 699 3714 audituris
721 3655 834 3717 notum
851 3669 923 3715 esse
944 3652 1091 3733 cupimus
1114 3655 1146 3728 et
1168 3651 1285 3734 scripto
1306 3652 1447 3734 presenti

157 3753 223 3823 blioe
244 3760 470 3842 protestamur,
505 3759 687 3841 quodcum
709 3759 911 3824 honorabiles
933 3760 989 3824 viri
1012 3758 1105 3841 Hugo
1126 3759 1317 3842 prepositus,
1350 3757 1447 3824 Ever-

157 3863 217 3932 tdua
246 3867 389 3932 decanus
415 3868 584 3948 totumque
616 3865 748 3930 ecclesie
779 3870 888 3931 nostre
910 3865 1169 3948 Osnaburgensis
1199 3866 1340 3948 predicte
1361 3866 1447 3948 oapi·

157 3988 201 4039 um
221 3973 362 4041 Heurico
392 3973 508 4057 dicto⁸)
541 3975 581 4039 de
603 3973 747 4053 Disseue,
778 3972 895 4057 Gyslen
923 3975 1014 4039 uxori
1043 3992 1101 4038 sue
1133 3977 1165 4038 et
1192 3971 1355 4038 Elisabeth
1384 3972 1447 4037 filie

157 4096 210 4147 mur
229 4082 325 4148 unice
345 4083 388 4148 ad
411 4073 698 4166 construendumb)
730 4100 789 4164 pro
825 4101 935 4147 eorum
958 4083 1116 4148 desiderio
1138 4080 1238 4146 altare
1259 4081 1292 4146 in
1315 4080 1446 4147 ecclesia

157 4191 206 4256 stra
226 4189 468 4273 Osuaburgensi
495 4190 597 4277 jam⁸)
630 4190 773 4273 predicta
800 4190 1051 4269 licensiaverant,
1083 4191 1155 4255 dicti
1179 4210 1254 4256 vero
1277 4189 1444 4270 Henricus,

157 4294 195 4362 ale
214 4302 247 4364 et
268 4297 432 4364 Elizabeth
454 4317 565 4364 eorum
587 4299 651 4364 filia
682 4299 723 4364 de
756 4303 846 4364 tanto
867 4299 976 4365 lavore
1004 4299 1066 4385 eto)
1092 4298 1197 4380 gracia
1219 4297 1347 4381 speciali
1368 4298 1444 4381 ipsis

157 4420 249 4473 tecm
269 4406 448 4490 gaudentes
469 4407 511 4472 ad
532 4407 636 4490 ipsum
659 4407 759 4472 altare
781 4413 812 4472 et
833 4409 875 4473 ad
897 4409 1167 4474 sustentationem
1188 4408 1362 4472 sacerdotis
1384 4406 1445 4490 ipsi

157 4513 192 4577 tri
209 4514 418 4580 deservientis
452 4514 492 4579 de
525 4514 612 4580 bona
634 4514 797 4580 voluntate
819 4515 960 4597 ipsorum
984 4519 1016 4580 et
1037 4515 1137 4581 libero
1159 4515 1288 4581 arbitrio
1311 4516 1443 4582 domum

157 4633 197 4686 tor
215 4621 313 4688 sitam
334 4622 367 4686 in
389 4622 462 4689 villa
481 4622 586 4707 Noyn,
608 4642 672 4707 que
690 4621 851 4708 Rinhus1)
874 4624 994 4703 dicitur,
1017 4642 1090 4690 cum
1112 4624 1261 4689 omnibus
1283 4623 1349 4688 suis
1369 4623 1443 4688 atti·

157 4726 213 4795 tl‘u'r
232 4734 266 4796 et
283 4728 410 4814 juribus
442 4731 641 4796 donaverant
669 4730 768 4796 libere
800 4735 832 4795 et
860 4731 1017 4798 absolute.
1060 4731 1126 4797 Nos
1157 4751 1233 4798 vero
1264 4735 1331 4796 tam
1352 4732 1442 4814 pium

157 4832 217 4902 tour
235 4836 462 4904 ratificavimus
490 4841 523 4903 et
544 4839 738 4905 ratificamus
759 4858 885 4905 necnon
915 4838 1142 4922 proprietatem
1164 4840 1305 4922 predicte
1327 4839 1443 4905 domus

157 4935 264 5013 lubnter
284 4946 329 5014 ad
350 4946 514 5014 ecclesiam
537 4950 679 5015 nostram
702 4966 855 5014 converse
877 4948 918 5014 de
940 4965 1099 5014 consensu
1121 4947 1263 5012 unanimi
1284 4947 1442 5014 etvoluo·

739 5075 741 5080 ,
1186 5046 1226 5114 9*
