<?xml version="1.0" encoding="UTF-8"?>
<!DOCTYPE html PUBLIC "-//W3C//DTD XHTML 1.0 Transitional//EN"
    "http://www.w3.org/TR/xhtml1/DTD/xhtml1-transitional.dtd">
<html xmlns="http://www.w3.org/1999/xhtml" xml:lang="en" lang="en">
 <head>
  <title>
</title>
<meta http-equiv="Content-Type" content="text/html;charset=utf-8" />
  <meta name='ocr-system' content='tesseract 3.04.00' />
  <meta name='ocr-capabilities' content='ocr_page ocr_carea ocr_par ocr_line ocrx_word'/>
</head>
<body>
  <div class='ocr_page' id='page_1' title='image "./osnabrckerurkun01brgoog/osnabrckerurkun01brgoog_0045.png"; bbox 0 0 3210 5354; ppageno 0'>
   <div class='ocr_carea' id='block_1_1' title="bbox 736 269 1443 340">
    <p class='ocr_par' dir='ltr' id='par_1_1' title="bbox 736 269 1443 340">
     <span class='ocr_line' id='line_1_1' title="bbox 736 269 1443 340; baseline -0.008 0"><span class='ocrx_word' id='word_1_1' title='bbox 736 286 804 340; x_wconf 80' lang='grc'><strong>1881</strong></span> <span class='ocrx_word' id='word_1_2' title='bbox 1398 269 1443 335; x_wconf 79' lang='grc'>25</span> 
     </span>
    </p>
   </div>
   <div class='ocr_carea' id='block_1_2' title="bbox 156 446 1443 2470">
    <p class='ocr_par' dir='ltr' id='par_1_2' title="bbox 156 446 1443 2470">
     <span class='ocr_line' id='line_1_2' title="bbox 157 446 1443 535; baseline 0.004 -24"><span class='ocrx_word' id='word_1_3' title='bbox 157 446 168 511; x_wconf 89' lang='grc' dir='ltr'>Ι</span> <span class='ocrx_word' id='word_1_4' title='bbox 190 447 293 513; x_wconf 88' lang='lat' dir='ltr'>sitin</span> <span class='ocrx_word' id='word_1_5' title='bbox 317 450 427 514; x_wconf 87' lang='lat' dir='ltr'>nostre</span> <span class='ocrx_word' id='word_1_6' title='bbox 443 449 670 533; x_wconf 86' lang='lat' dir='ltr'>jurisdictionis</span> <span class='ocrx_word' id='word_1_7' title='bbox 689 451 898 535; x_wconf 79' lang='lat' dir='ltr'>prejudicium</span> <span class='ocrx_word' id='word_1_8' title='bbox 931 453 964 516; x_wconf 91' lang='lat' dir='ltr'>et</span> <span class='ocrx_word' id='word_1_9' title='bbox 993 451 1065 516; x_wconf 91' lang='lat' dir='ltr'>dicti</span> <span class='ocrx_word' id='word_1_10' title='bbox 1087 450 1188 516; x_wconf 89' lang='lat' dir='ltr'>clerici</span> <span class='ocrx_word' id='word_1_11' title='bbox 1209 469 1382 533; x_wconf 75' lang='lat' dir='ltr'>gravamen</span> <span class='ocrx_word' id='word_1_12' title='bbox 1404 468 1443 516; x_wconf 84' lang='lat' dir='ltr'>ac</span> 
     </span>
     <span class='ocr_line' id='line_1_3' title="bbox 157 554 1440 642; baseline 0.002 -22"><span class='ocrx_word' id='word_1_13' title='bbox 157 554 254 621; x_wconf 81' lang='lat' dir='ltr'>tolici</span> <span class='ocrx_word' id='word_1_14' title='bbox 286 557 432 622; x_wconf 86' lang='lat' dir='ltr'>mandati</span> <span class='ocrx_word' id='word_1_15' title='bbox 464 562 695 642; x_wconf 88' lang='lat' dir='ltr'>contemptum.</span> <span class='ocrx_word' id='word_1_16' title='bbox 738 560 954 625; x_wconf 83' lang='lat' dir='ltr'>Reserrantes</span> <span class='ocrx_word' id='word_1_17' title='bbox 987 557 1151 624; x_wconf 90' lang='lat' dir='ltr'>donationi</span> <span class='ocrx_word' id='word_1_18' title='bbox 1184 561 1292 623; x_wconf 89' lang='lat' dir='ltr'>nostre</span> <span class='ocrx_word' id='word_1_19' title='bbox 1321 558 1440 624; x_wconf 90' lang='lat' dir='ltr'>dictum</span> 
     </span>
     <span class='ocr_line' id='line_1_4' title="bbox 157 663 1442 745; baseline 0.001 -17"><span class='ocrx_word' id='word_1_20' title='bbox 157 663 281 729; x_wconf 76' lang='lat' dir='ltr'>elicium</span> <span class='ocrx_word' id='word_1_21' title='bbox 304 663 382 729; x_wconf 91' lang='lat' dir='ltr'>nulli</span> <span class='ocrx_word' id='word_1_22' title='bbox 404 665 454 730; x_wconf 88' lang='lat' dir='ltr'>alii</span> <span class='ocrx_word' id='word_1_23' title='bbox 476 666 619 732; x_wconf 88' lang='lat' dir='ltr'>debitum</span> <span class='ocrx_word' id='word_1_24' title='bbox 641 669 822 733; x_wconf 88' lang='lat' dir='ltr'>memorato</span> <span class='ocrx_word' id='word_1_25' title='bbox 841 667 955 732; x_wconf 87' lang='lat' dir='ltr'>clerico</span> <span class='ocrx_word' id='word_1_26' title='bbox 971 666 1212 745; x_wconf 86' lang='lat' dir='ltr'>conferendum,</span> <span class='ocrx_word' id='word_1_27' title='bbox 1235 665 1442 731; x_wconf 81' lang='lat' dir='ltr'>decernentes</span> 
     </span>
     <span class='ocr_line' id='line_1_5' title="bbox 157 772 1442 860; baseline 0.002 -24"><span class='ocrx_word' id='word_1_28' title='bbox 157 789 210 836; x_wconf 88' lang='lat' dir='ltr'>um</span> <span class='ocrx_word' id='word_1_29' title='bbox 233 772 393 853; x_wconf 77' lang='lat' dir='ltr'>etimne,</span> <span class='ocrx_word' id='word_1_30' title='bbox 422 772 448 837; x_wconf 90' lang='lat' dir='ltr'>si</span> <span class='ocrx_word' id='word_1_31' title='bbox 468 792 561 839; x_wconf 89' lang='lat' dir='ltr'>secus</span> <span class='ocrx_word' id='word_1_32' title='bbox 584 793 604 838; x_wconf 90' lang='lat' dir='ltr'>a</span> <span class='ocrx_word' id='word_1_33' title='bbox 625 774 715 839; x_wconf 88' lang='lat' dir='ltr'>dictis</span> <span class='ocrx_word' id='word_1_34' title='bbox 738 824 745 837; x_wconf 93' lang='lat'><strong>.</strong></span> <span class='ocrx_word' id='word_1_35' title='bbox 769 822 777 837; x_wconf 90' lang='lat'><strong>.</strong></span> <span class='ocrx_word' id='word_1_36' title='bbox 800 773 923 838; x_wconf 87' lang='lat' dir='ltr'>decano</span> <span class='ocrx_word' id='word_1_37' title='bbox 945 777 977 837; x_wconf 90' lang='lat' dir='ltr'>et</span> <span class='ocrx_word' id='word_1_38' title='bbox 999 773 1137 860; x_wconf 86' lang='lat' dir='ltr'>capitulo</span> <span class='ocrx_word' id='word_1_39' title='bbox 1164 774 1266 838; x_wconf 90' lang='lat' dir='ltr'>sancti</span> <span class='ocrx_word' id='word_1_40' title='bbox 1287 772 1442 839; x_wconf 74' lang='lat' dir='ltr'>iohannis</span> 
     </span>
     <span class='ocr_line' id='line_1_6' title="bbox 176 880 1441 968; baseline -0.001 -22"><span class='ocrx_word' id='word_1_41' title='bbox 176 899 197 946; x_wconf 89' lang='lat' dir='ltr'>a</span> <span class='ocrx_word' id='word_1_42' title='bbox 232 900 397 965; x_wconf 87' lang='lat' dir='ltr'>quoquam</span> <span class='ocrx_word' id='word_1_43' title='bbox 430 883 492 948; x_wconf 90' lang='lat' dir='ltr'>alio</span> <span class='ocrx_word' id='word_1_44' title='bbox 525 884 567 949; x_wconf 93' lang='lat' dir='ltr'>de</span> <span class='ocrx_word' id='word_1_45' title='bbox 600 883 685 948; x_wconf 91' lang='lat' dir='ltr'>dicto</span> <span class='ocrx_word' id='word_1_46' title='bbox 713 880 869 946; x_wconf 89' lang='lat' dir='ltr'>beneficio</span> <span class='ocrx_word' id='word_1_47' title='bbox 891 883 923 945; x_wconf 92' lang='lat' dir='ltr'>iu</span> <span class='ocrx_word' id='word_1_48' title='bbox 945 882 1057 964; x_wconf 86' lang='lat' dir='ltr'>prefati</span> <span class='ocrx_word' id='word_1_49' title='bbox 1080 880 1211 946; x_wconf 89' lang='lat' dir='ltr'>Gerardi</span> <span class='ocrx_word' id='word_1_50' title='bbox 1234 881 1441 968; x_wconf 70' lang='lat' dir='ltr'>prejudicium</span> 
     </span>
     <span class='ocr_line' id='line_1_7' title="bbox 157 987 1441 1071; baseline -0.001 -19"><span class='ocrx_word' id='word_1_51' title='bbox 157 988 185 1052; x_wconf 88' lang='lat' dir='ltr'>it</span> <span class='ocrx_word' id='word_1_52' title='bbox 205 991 443 1071; x_wconf 83' lang='lat' dir='ltr'>attemptatum.</span> <span class='ocrx_word' id='word_1_53' title='bbox 471 990 566 1068; x_wconf 89' lang='lat' dir='ltr'>Quod</span> <span class='ocrx_word' id='word_1_54' title='bbox 588 992 614 1055; x_wconf 90' lang='lat' dir='ltr'>si</span> <span class='ocrx_word' id='word_1_55' title='bbox 635 1009 672 1055; x_wconf 91' lang='lat' dir='ltr'>se</span> <span class='ocrx_word' id='word_1_56' title='bbox 693 989 856 1071; x_wconf 88' lang='lat' dir='ltr'>premissis</span> <span class='ocrx_word' id='word_1_57' title='bbox 877 1007 1042 1071; x_wconf 89' lang='lat' dir='ltr'>opponere</span> <span class='ocrx_word' id='word_1_58' title='bbox 1064 987 1114 1052; x_wconf 87' lang='lat' dir='ltr'>rel</span> <span class='ocrx_word' id='word_1_59' title='bbox 1135 992 1248 1051; x_wconf 88' lang='lat' dir='ltr'>contra</span> <span class='ocrx_word' id='word_1_60' title='bbox 1268 1006 1441 1070; x_wconf 82' lang='lat' dir='ltr'>personam</span> 
     </span>
     <span class='ocr_line' id='line_1_8' title="bbox 156 1094 1441 1179; baseline -0.001 -20"><span class='ocrx_word' id='word_1_61' title='bbox 156 1094 320 1160; x_wconf 86' lang='lat' dir='ltr'>iGerardi</span> <span class='ocrx_word' id='word_1_62' title='bbox 341 1100 397 1161; x_wconf 90' lang='lat' dir='ltr'>aut</span> <span class='ocrx_word' id='word_1_63' title='bbox 418 1098 608 1163; x_wconf 87' lang='lat' dir='ltr'>mandatum</span> <span class='ocrx_word' id='word_1_64' title='bbox 639 1097 848 1179; x_wconf 88' lang='lat' dir='ltr'>apostolicum</span> <span class='ocrx_word' id='word_1_65' title='bbox 879 1094 1007 1178; x_wconf 78' lang='lat' dir='ltr'>aliquod</span> <span class='ocrx_word' id='word_1_66' title='bbox 1038 1094 1232 1160; x_wconf 88' lang='lat' dir='ltr'>racionabile</span> <span class='ocrx_word' id='word_1_67' title='bbox 1261 1114 1441 1178; x_wconf 89' lang='lat' dir='ltr'>proponere</span> 
     </span>
     <span class='ocr_line' id='line_1_9' title="bbox 157 1202 1441 1287; baseline 0.001 -21"><span class='ocrx_word' id='word_1_68' title='bbox 157 1202 257 1282; x_wconf 78' lang='lat' dir='ltr'>ierint,</span> <span class='ocrx_word' id='word_1_69' title='bbox 289 1203 378 1287; x_wconf 90' lang='lat' dir='ltr'>ipsos</span> <span class='ocrx_word' id='word_1_70' title='bbox 400 1253 408 1269; x_wconf 93' lang='lat'><strong>.</strong></span> <span class='ocrx_word' id='word_1_71' title='bbox 431 1256 438 1271; x_wconf 93' lang='lat'><strong>.</strong></span> <span class='ocrx_word' id='word_1_72' title='bbox 461 1206 620 1271; x_wconf 87' lang='lat' dir='ltr'>decanum</span> <span class='ocrx_word' id='word_1_73' title='bbox 654 1209 687 1269; x_wconf 92' lang='lat' dir='ltr'>et</span> <span class='ocrx_word' id='word_1_74' title='bbox 720 1204 891 1287; x_wconf 70' lang='lat' dir='ltr'>capitulum</span> <span class='ocrx_word' id='word_1_75' title='bbox 923 1205 1023 1269; x_wconf 88' lang='lat' dir='ltr'>sancti</span> <span class='ocrx_word' id='word_1_76' title='bbox 1053 1203 1208 1269; x_wconf 82' lang='lat' dir='ltr'>lobannis</span> <span class='ocrx_word' id='word_1_77' title='bbox 1237 1204 1337 1268; x_wconf 86' lang='lat' dir='ltr'>citetis</span> <span class='ocrx_word' id='word_1_78' title='bbox 1367 1222 1441 1286; x_wconf 93' lang='lat' dir='ltr'>per·</span> 
     </span>
     <span class='ocr_line' id='line_1_10' title="bbox 157 1310 1441 1395; baseline -0.001 -20"><span class='ocrx_word' id='word_1_79' title='bbox 157 1311 256 1391; x_wconf 64' lang='lat' dir='ltr'>noris,</span> <span class='ocrx_word' id='word_1_80' title='bbox 286 1313 324 1376; x_wconf 90' lang='lat' dir='ltr'>ut</span> <span class='ocrx_word' id='word_1_81' title='bbox 349 1311 427 1376; x_wconf 83' lang='lat' dir='ltr'>feria</span> <span class='ocrx_word' id='word_1_82' title='bbox 448 1313 591 1377; x_wconf 88' lang='lat' dir='ltr'>secunda</span> <span class='ocrx_word' id='word_1_83' title='bbox 612 1313 760 1395; x_wconf 87' lang='lat' dir='ltr'>proxima</span> <span class='ocrx_word' id='word_1_84' title='bbox 781 1315 854 1394; x_wconf 90' lang='lat' dir='ltr'>post</span> <span class='ocrx_word' id='word_1_85' title='bbox 875 1311 992 1375; x_wconf 83' lang='lat' dir='ltr'>festum</span> <span class='ocrx_word' id='word_1_86' title='bbox 1014 1311 1110 1375; x_wconf 87' lang='lat' dir='ltr'>beate</span> <span class='ocrx_word' id='word_1_87' title='bbox 1131 1311 1228 1376; x_wconf 85' lang='lat' dir='ltr'>Lucie</span> <span class='ocrx_word' id='word_1_88' title='bbox 1251 1310 1377 1391; x_wconf 73' lang='lat' dir='ltr'>virginis</span> <span class='ocrx_word' id='word_1_89' title='bbox 1399 1313 1441 1388; x_wconf 87' lang='lat' dir='ltr'>et,</span> 
     </span>
     <span class='ocr_line' id='line_1_11' title="bbox 157 1415 1442 1503; baseline 0 -21"><span class='ocrx_word' id='word_1_90' title='bbox 157 1415 206 1482; x_wconf 82' lang='lat' dir='ltr'>lies</span> <span class='ocrx_word' id='word_1_91' title='bbox 236 1418 330 1482; x_wconf 83' lang='lat' dir='ltr'>fuerit</span> <span class='ocrx_word' id='word_1_92' title='bbox 362 1418 483 1496; x_wconf 81' lang='lat' dir='ltr'>feriata,</span> <span class='ocrx_word' id='word_1_93' title='bbox 517 1419 664 1503; x_wconf 85' lang='lat' dir='ltr'>proxima</span> <span class='ocrx_word' id='word_1_94' title='bbox 696 1421 747 1486; x_wconf 91' lang='lat' dir='ltr'>die</span> <span class='ocrx_word' id='word_1_95' title='bbox 779 1422 935 1502; x_wconf 88' lang='lat' dir='ltr'>sequente</span> <span class='ocrx_word' id='word_1_96' title='bbox 967 1437 1032 1482; x_wconf 90' lang='lat' dir='ltr'>nou</span> <span class='ocrx_word' id='word_1_97' title='bbox 1067 1418 1179 1482; x_wconf 79' lang='lat' dir='ltr'>feriato</span> <span class='ocrx_word' id='word_1_98' title='bbox 1208 1436 1316 1482; x_wconf 91' lang='lat' dir='ltr'>coram</span> <span class='ocrx_word' id='word_1_99' title='bbox 1349 1418 1442 1483; x_wconf 89' lang='lat' dir='ltr'>nobis</span> 
     </span>
     <span class='ocr_line' id='line_1_12' title="bbox 157 1523 1442 1608; baseline 0.002 -20"><span class='ocrx_word' id='word_1_100' title='bbox 157 1523 222 1588; x_wconf 88' lang='lat' dir='ltr'>onie</span> <span class='ocrx_word' id='word_1_101' title='bbox 242 1526 275 1589; x_wconf 92' lang='lat' dir='ltr'>in</span> <span class='ocrx_word' id='word_1_102' title='bbox 297 1525 431 1590; x_wconf 88' lang='lat' dir='ltr'>ecclesia</span> <span class='ocrx_word' id='word_1_103' title='bbox 452 1531 563 1592; x_wconf 90' lang='lat' dir='ltr'>nostra</span> <span class='ocrx_word' id='word_1_104' title='bbox 584 1531 795 1608; x_wconf 76' lang='lat' dir='ltr'>compareant</span> <span class='ocrx_word' id='word_1_105' title='bbox 816 1529 928 1590; x_wconf 89' lang='lat' dir='ltr'>contra</span> <span class='ocrx_word' id='word_1_106' title='bbox 949 1524 1067 1589; x_wconf 88' lang='lat' dir='ltr'>dictum</span> <span class='ocrx_word' id='word_1_107' title='bbox 1090 1526 1239 1590; x_wconf 88' lang='lat' dir='ltr'>clericum</span> <span class='ocrx_word' id='word_1_108' title='bbox 1260 1526 1304 1591; x_wconf 85' lang='lat' dir='ltr'>ad</span> <span class='ocrx_word' id='word_1_109' title='bbox 1323 1525 1442 1591; x_wconf 81' lang='lat' dir='ltr'>facien·</span> 
     </span>
     <span class='ocr_line' id='line_1_13' title="bbox 157 1631 1440 1717; baseline 0.005 -24"><span class='ocrx_word' id='word_1_110' title='bbox 157 1648 182 1709; x_wconf 90' lang='lat' dir='ltr'>u,</span> <span class='ocrx_word' id='word_1_111' title='bbox 211 1631 299 1714; x_wconf 90' lang='lat' dir='ltr'>quod</span> <span class='ocrx_word' id='word_1_112' title='bbox 321 1632 483 1699; x_wconf 85' lang='lat' dir='ltr'>dictaverit</span> <span class='ocrx_word' id='word_1_113' title='bbox 506 1635 586 1700; x_wconf 93' lang='lat' dir='ltr'>ordo</span> <span class='ocrx_word' id='word_1_114' title='bbox 604 1634 695 1717; x_wconf 87' lang='lat' dir='ltr'>juris,</span> <span class='ocrx_word' id='word_1_115' title='bbox 726 1635 909 1698; x_wconf 75' lang='lat' dir='ltr'>intimantes</span> <span class='ocrx_word' id='word_1_116' title='bbox 931 1633 1062 1709; x_wconf 85' lang='lat' dir='ltr'>eisdem,</span> <span class='ocrx_word' id='word_1_117' title='bbox 1090 1634 1178 1716; x_wconf 87' lang='lat' dir='ltr'>quod</span> <span class='ocrx_word' id='word_1_118' title='bbox 1199 1635 1265 1698; x_wconf 84' lang='lat' dir='ltr'>sire</span> <span class='ocrx_word' id='word_1_119' title='bbox 1287 1635 1440 1713; x_wconf 82' lang='lat' dir='ltr'>venerint,</span> 
     </span>
     <span class='ocr_line' id='line_1_14' title="bbox 157 1740 1440 1825; baseline 0.005 -25"><span class='ocrx_word' id='word_1_120' title='bbox 157 1758 253 1820; x_wconf 68' lang='lat' dir='ltr'>enon,</span> <span class='ocrx_word' id='word_1_121' title='bbox 275 1741 360 1806; x_wconf 88' lang='lat' dir='ltr'>dicto</span> <span class='ocrx_word' id='word_1_122' title='bbox 382 1740 434 1806; x_wconf 92' lang='lat' dir='ltr'>die</span> <span class='ocrx_word' id='word_1_123' title='bbox 454 1761 515 1807; x_wconf 90' lang='lat' dir='ltr'>nos</span> <span class='ocrx_word' id='word_1_124' title='bbox 536 1740 757 1808; x_wconf 88' lang='lat' dir='ltr'>nichilominus</span> <span class='ocrx_word' id='word_1_125' title='bbox 778 1741 862 1805; x_wconf 90' lang='lat' dir='ltr'>ultra</span> <span class='ocrx_word' id='word_1_126' title='bbox 883 1741 927 1806; x_wconf 85' lang='lat' dir='ltr'>ad</span> <span class='ocrx_word' id='word_1_127' title='bbox 950 1741 1174 1806; x_wconf 83' lang='lat' dir='ltr'>erecucionem</span> <span class='ocrx_word' id='word_1_128' title='bbox 1197 1743 1337 1807; x_wconf 90' lang='lat' dir='ltr'>mandati</span> <span class='ocrx_word' id='word_1_129' title='bbox 1360 1760 1440 1825; x_wconf 89' lang='lat' dir='ltr'>apo·</span> 
     </span>
     <span class='ocr_line' id='line_1_15' title="bbox 157 1845 1441 1933; baseline 0.002 -21"><span class='ocrx_word' id='word_1_130' title='bbox 157 1845 201 1925; x_wconf 81' lang='lat' dir='ltr'>ici,</span> <span class='ocrx_word' id='word_1_131' title='bbox 227 1851 323 1930; x_wconf 88' lang='lat' dir='ltr'>prout</span> <span class='ocrx_word' id='word_1_132' title='bbox 348 1849 471 1932; x_wconf 87' lang='lat' dir='ltr'>justum</span> <span class='ocrx_word' id='word_1_133' title='bbox 501 1848 604 1928; x_wconf 82' lang='lat' dir='ltr'>fuerit,</span> <span class='ocrx_word' id='word_1_134' title='bbox 630 1850 853 1933; x_wconf 84' lang='lat' dir='ltr'>procedemus.</span> <span class='ocrx_word' id='word_1_135' title='bbox 896 1848 992 1926; x_wconf 90' lang='lat' dir='ltr'>Quod</span> <span class='ocrx_word' id='word_1_136' title='bbox 1018 1849 1045 1912; x_wconf 90' lang='lat' dir='ltr'>si</span> <span class='ocrx_word' id='word_1_137' title='bbox 1075 1867 1141 1913; x_wconf 92' lang='lat' dir='ltr'>uon</span> <span class='ocrx_word' id='word_1_138' title='bbox 1162 1850 1261 1914; x_wconf 89' lang='lat' dir='ltr'>ambo</span> <span class='ocrx_word' id='word_1_139' title='bbox 1283 1850 1342 1914; x_wconf 87' lang='lat' dir='ltr'>hiis</span> <span class='ocrx_word' id='word_1_140' title='bbox 1364 1868 1441 1914; x_wconf 84' lang='lat' dir='ltr'>exc·</span> 
     </span>
     <span class='ocr_line' id='line_1_16' title="bbox 157 1955 1441 2041; baseline 0.004 -23"><span class='ocrx_word' id='word_1_141' title='bbox 157 1955 227 2021; x_wconf 84' lang='lat' dir='ltr'>ndis</span> <span class='ocrx_word' id='word_1_142' title='bbox 246 1955 460 2037; x_wconf 61' lang='lat' dir='ltr'>interfueritis</span> <span class='ocrx_word' id='word_1_143' title='bbox 482 1976 565 2022; x_wconf 91' lang='lat' dir='ltr'>uuus</span> <span class='ocrx_word' id='word_1_144' title='bbox 587 1961 730 2024; x_wconf 83' lang='lat' dir='ltr'>restrum</span> <span class='ocrx_word' id='word_1_145' title='bbox 753 1977 792 2023; x_wconf 87' lang='lat' dir='ltr'>ea</span> <span class='ocrx_word' id='word_1_146' title='bbox 813 1957 1035 2022; x_wconf 90' lang='lat' dir='ltr'>nichilominus</span> <span class='ocrx_word' id='word_1_147' title='bbox 1057 1959 1245 2040; x_wconf 82' lang='lat' dir='ltr'>exequatur.</span> <span class='ocrx_word' id='word_1_148' title='bbox 1284 1958 1441 2041; x_wconf 83' lang='lat' dir='ltr'>Quicquid</span> 
     </span>
     <span class='ocr_line' id='line_1_17' title="bbox 157 2063 1442 2148; baseline 0.002 -20"><span class='ocrx_word' id='word_1_149' title='bbox 157 2081 201 2128; x_wconf 87' lang='lat' dir='ltr'>eru</span> <span class='ocrx_word' id='word_1_150' title='bbox 220 2064 252 2128; x_wconf 87' lang='lat' dir='ltr'>in</span> <span class='ocrx_word' id='word_1_151' title='bbox 273 2064 438 2148; x_wconf 87' lang='lat' dir='ltr'>premissis</span> <span class='ocrx_word' id='word_1_152' title='bbox 458 2084 517 2147; x_wconf 91' lang='lat' dir='ltr'>per</span> <span class='ocrx_word' id='word_1_153' title='bbox 537 2084 596 2129; x_wconf 85' lang='lat' dir='ltr'>ros</span> <span class='ocrx_word' id='word_1_154' title='bbox 619 2063 669 2129; x_wconf 84' lang='lat' dir='ltr'>vel</span> <span class='ocrx_word' id='word_1_155' title='bbox 690 2065 826 2130; x_wconf 89' lang='lat' dir='ltr'>alterum</span> <span class='ocrx_word' id='word_1_156' title='bbox 848 2068 990 2129; x_wconf 85' lang='lat' dir='ltr'>vestrum</span> <span class='ocrx_word' id='word_1_157' title='bbox 1013 2068 1120 2129; x_wconf 90' lang='lat' dir='ltr'>actum</span> <span class='ocrx_word' id='word_1_158' title='bbox 1141 2063 1244 2143; x_wconf 85' lang='lat' dir='ltr'>suerit,</span> <span class='ocrx_word' id='word_1_159' title='bbox 1269 2065 1362 2131; x_wconf 88' lang='lat' dir='ltr'>nobis</span> <span class='ocrx_word' id='word_1_160' title='bbox 1383 2084 1442 2147; x_wconf 87' lang='lat' dir='ltr'>per</span> 
     </span>
     <span class='ocr_line' id='line_1_18' title="bbox 157 2170 1440 2255; baseline -0.001 -18"><span class='ocrx_word' id='word_1_161' title='bbox 157 2172 214 2237; x_wconf 82' lang='lat' dir='ltr'>trus</span> <span class='ocrx_word' id='word_1_162' title='bbox 240 2176 390 2255; x_wconf 78' lang='lat' dir='ltr'>patentes</span> <span class='ocrx_word' id='word_1_163' title='bbox 418 2170 538 2238; x_wconf 88' lang='lat' dir='ltr'>litteras</span> <span class='ocrx_word' id='word_1_164' title='bbox 564 2173 766 2254; x_wconf 86' lang='lat' dir='ltr'>presentibus</span> <span class='ocrx_word' id='word_1_165' title='bbox 795 2172 1013 2237; x_wconf 85' lang='lat' dir='ltr'>annectendas</span> <span class='ocrx_word' id='word_1_166' title='bbox 1043 2190 1116 2235; x_wconf 90' lang='lat' dir='ltr'>cum</span> <span class='ocrx_word' id='word_1_167' title='bbox 1137 2171 1335 2253; x_wconf 87' lang='lat' dir='ltr'>appensione</span> <span class='ocrx_word' id='word_1_168' title='bbox 1357 2171 1440 2254; x_wconf 77' lang='lat' dir='ltr'>sigil-</span> 
     </span>
     <span class='ocr_line' id='line_1_19' title="bbox 157 2278 1438 2357; baseline 0.001 -16"><span class='ocrx_word' id='word_1_169' title='bbox 157 2294 197 2341; x_wconf 84' lang='lat' dir='ltr'>uru</span> <span class='ocrx_word' id='word_1_170' title='bbox 227 2283 406 2344; x_wconf 83' lang='lat' dir='ltr'>vestrorum</span> <span class='ocrx_word' id='word_1_171' title='bbox 443 2278 578 2344; x_wconf 89' lang='lat' dir='ltr'>fideliter</span> <span class='ocrx_word' id='word_1_172' title='bbox 615 2282 774 2346; x_wconf 86' lang='lat' dir='ltr'>intimetis.</span> <span class='ocrx_word' id='word_1_173' title='bbox 818 2279 937 2344; x_wconf 88' lang='lat' dir='ltr'>Datum</span> <span class='ocrx_word' id='word_1_174' title='bbox 970 2278 1152 2357; x_wconf 88' lang='lat' dir='ltr'>Tremonie‚</span> <span class='ocrx_word' id='word_1_175' title='bbox 1193 2296 1280 2343; x_wconf 89' lang='lat' dir='ltr'>anno</span> <span class='ocrx_word' id='word_1_176' title='bbox 1313 2278 1438 2345; x_wconf 89' lang='lat' dir='ltr'>Domini</span> 
     </span>
     <span class='ocr_line' id='line_1_20' title="bbox 157 2381 1411 2470; baseline 0.003 -22"><span class='ocrx_word' id='word_1_177' title='bbox 157 2381 340 2450; x_wconf 71' lang='lat' dir='ltr'>000Lxxx⁰</span> <span class='ocrx_word' id='word_1_178' title='bbox 360 2385 475 2468; x_wconf 85' lang='lat' dir='ltr'>primo,</span> <span class='ocrx_word' id='word_1_179' title='bbox 497 2385 576 2451; x_wconf 79' lang='lat' dir='ltr'>feria</span> <span class='ocrx_word' id='word_1_180' title='bbox 596 2388 739 2453; x_wconf 88' lang='lat' dir='ltr'>secunda</span> <span class='ocrx_word' id='word_1_181' title='bbox 760 2391 833 2470; x_wconf 91' lang='lat' dir='ltr'>post</span> <span class='ocrx_word' id='word_1_182' title='bbox 854 2387 971 2451; x_wconf 84' lang='lat' dir='ltr'>festum</span> <span class='ocrx_word' id='word_1_183' title='bbox 992 2387 1079 2450; x_wconf 87' lang='lat' dir='ltr'>beati</span> <span class='ocrx_word' id='word_1_184' title='bbox 1100 2385 1226 2450; x_wconf 82' lang='lat' dir='ltr'>Martini</span> <span class='ocrx_word' id='word_1_185' title='bbox 1247 2385 1411 2468; x_wconf 85' lang='lat' dir='ltr'>hyemalis.</span> 
     </span>
    </p>
   </div>
   <div class='ocr_carea' id='block_1_3' title="bbox 216 2516 1363 2710">
    <p class='ocr_par' dir='ltr' id='par_1_3' title="bbox 216 2516 1363 2710">
     <span class='ocr_line' id='line_1_21' title="bbox 220 2516 524 2601; baseline -0.007 -16"><span class='ocrx_word' id='word_1_186' title='bbox 220 2517 328 2601; x_wconf 67' lang='lat' dir='ltr'>erqo</span> <span class='ocrx_word' id='word_1_187' title='bbox 350 2516 524 2601; x_wconf 77' lang='lat' dir='ltr'>otpetatlcn.</span> 
     </span>
     <span class='ocr_line' id='line_1_22' title="bbox 216 2620 1363 2710; baseline -0.001 -16"><span class='ocrx_word' id='word_1_188' title='bbox 216 2620 333 2704; x_wconf 70' lang='lat' dir='ltr'>tricem</span> <span class='ocrx_word' id='word_1_189' title='bbox 349 2625 523 2710; x_wconf 75' lang='lat' dir='ltr'>tronoliqitt</span> <span class='ocrx_word' id='word_1_190' title='bbox 545 2626 592 2694; x_wconf 81' lang='lat' dir='ltr'>bie</span> <span class='ocrx_word' id='word_1_191' title='bbox 613 2626 750 2693; x_wconf 79' lang='lat' dir='ltr'>tlttunbe</span> <span class='ocrx_word' id='word_1_192' title='bbox 771 2624 828 2693; x_wconf 75' lang='lat' dir='ltr'>nt.</span> <span class='ocrx_word' id='word_1_193' title='bbox 851 2626 894 2691; x_wconf 90' lang='grc'>88</span> <span class='ocrx_word' id='word_1_194' title='bbox 916 2644 985 2694; x_wconf 84' lang='lat' dir='ltr'>nom</span> <span class='ocrx_word' id='word_1_195' title='bbox 1006 2627 1058 2692; x_wconf 83' lang='lat'>22.</span> <span class='ocrx_word' id='word_1_196' title='bbox 1080 2624 1247 2693; x_wconf 71' lang='lat' dir='ltr'>ilnocmter</span> <span class='ocrx_word' id='word_1_197' title='bbox 1272 2626 1363 2693; x_wconf 83' lang='lat'>1281.</span> 
     </span>
    </p>
   </div>
   <div class='ocr_carea' id='block_1_4' title="bbox 157 3009 808 3090">
    <p class='ocr_par' dir='ltr' id='par_1_4' title="bbox 157 3009 808 3090">
     <span class='ocr_line' id='line_1_23' title="bbox 157 3009 808 3090; baseline -0.005 -6"><span class='ocrx_word' id='word_1_198' title='bbox 157 3042 210 3068; x_wconf 85' lang='lat'>.-</span> <span class='ocrx_word' id='word_1_199' title='bbox 227 3010 419 3090; x_wconf 67' lang='lat' dir='ltr'>muttit</span> <span class='ocrx_word' id='word_1_200' title='bbox 441 3009 537 3090; x_wconf 79' lang='lat'><strong>1281,</strong></span> <span class='ocrx_word' id='word_1_201' title='bbox 558 3009 734 3083; x_wconf 64' lang='lat' dir='ltr'>timenter</span> <span class='ocrx_word' id='word_1_202' title='bbox 756 3011 808 3082; x_wconf 82' lang='grc'>18.</span> 
     </span>
    </p>
   </div>
   <div class='ocr_carea' id='block_1_5' title="bbox 157 3139 1439 4680">
    <p class='ocr_par' dir='ltr' id='par_1_5' title="bbox 157 3139 1439 4680">
     <span class='ocr_line' id='line_1_24' title="bbox 257 3139 1439 3228; baseline -0.004 -18"><span class='ocrx_word' id='word_1_203' title='bbox 257 3141 376 3224; x_wconf 65' lang='lat' dir='ltr'>Btldroi</span> <span class='ocrx_word' id='word_1_204' title='bbox 414 3142 537 3210; x_wconf 61' lang='lat' dir='ltr'>nonem</span> <span class='ocrx_word' id='word_1_205' title='bbox 576 3161 636 3210; x_wconf 86' lang='lat' dir='ltr'>om</span> <span class='ocrx_word' id='word_1_206' title='bbox 668 3143 841 3210; x_wconf 75' lang='lat' dir='ltr'>Dtncbrr&#39;rd</span> <span class='ocrx_word' id='word_1_207' title='bbox 877 3145 1031 3228; x_wconf 74' lang='lat' dir='ltr'>fibertrdqt</span> <span class='ocrx_word' id='word_1_208' title='bbox 1069 3144 1134 3210; x_wconf 81' lang='lat' dir='ltr'>bem</span> <span class='ocrx_word' id='word_1_209' title='bbox 1170 3139 1360 3221; x_wconf 68' lang='lat' dir='ltr'>eumque</span> <span class='ocrx_word' id='word_1_210' title='bbox 1392 3140 1439 3206; x_wconf 81' lang='lat' dir='ltr'>bie</span> 
     </span>
     <span class='ocr_line' id='line_1_25' title="bbox 256 3248 1439 3333; baseline -0.004 -15"><span class='ocrx_word' id='word_1_211' title='bbox 256 3250 359 3330; x_wconf 63' lang='lat' dir='ltr'>dilate,</span> <span class='ocrx_word' id='word_1_212' title='bbox 392 3250 492 3333; x_wconf 68' lang='lat' dir='ltr'>mace</span> <span class='ocrx_word' id='word_1_213' title='bbox 521 3251 632 3319; x_wconf 60' lang='lat' dir='ltr'>ittrro</span> <span class='ocrx_word' id='word_1_214' title='bbox 659 3252 750 3319; x_wconf 63' lang='lat' dir='ltr'>diune</span> <span class='ocrx_word' id='word_1_215' title='bbox 782 3253 843 3318; x_wconf 83' lang='lat' dir='ltr'>unt</span> <span class='ocrx_word' id='word_1_216' title='bbox 874 3252 967 3332; x_wconf 75' lang='lat' dir='ltr'>helien</span> <span class='ocrx_word' id='word_1_217' title='bbox 995 3252 1090 3319; x_wconf 67' lang='lat' dir='ltr'>linter</span> <span class='ocrx_word' id='word_1_218' title='bbox 1111 3250 1172 3317; x_wconf 82' lang='lat' dir='ltr'>unt</span> <span class='ocrx_word' id='word_1_219' title='bbox 1196 3248 1370 3328; x_wconf 70' lang='lat' dir='ltr'>tdrnboctcr</span> <span class='ocrx_word' id='word_1_220' title='bbox 1399 3266 1439 3314; x_wconf 85' lang='lat' dir='ltr'>cu</span> 
     </span>
     <span class='ocr_line' id='line_1_26' title="bbox 255 3357 1439 3442; baseline -0.002 -18"><span class='ocrx_word' id='word_1_221' title='bbox 255 3357 311 3424; x_wconf 82' lang='lat' dir='ltr'>ten</span> <span class='ocrx_word' id='word_1_222' title='bbox 333 3357 454 3426; x_wconf 65' lang='lat' dir='ltr'>&amp;ntem</span> <span class='ocrx_word' id='word_1_223' title='bbox 476 3358 510 3424; x_wconf 81' lang='lat' dir='ltr'>in</span> <span class='ocrx_word' id='word_1_224' title='bbox 531 3357 618 3426; x_wconf 71' lang='lat' dir='ltr'>itote</span> <span class='ocrx_word' id='word_1_225' title='bbox 638 3359 772 3442; x_wconf 57' lang='lat' dir='ltr'>metim,</span> <span class='ocrx_word' id='word_1_226' title='bbox 803 3360 881 3439; x_wconf 72' lang='lat' dir='ltr'>nebit</span> <span class='ocrx_word' id='word_1_227' title='bbox 913 3361 968 3427; x_wconf 84' lang='lat' dir='ltr'>tm</span> <span class='ocrx_word' id='word_1_228' title='bbox 1001 3378 1061 3427; x_wconf 87' lang='lat' dir='ltr'>nm</span> <span class='ocrx_word' id='word_1_229' title='bbox 1091 3360 1147 3426; x_wconf 84' lang='lat' dir='ltr'>ben</span> <span class='ocrx_word' id='word_1_230' title='bbox 1169 3359 1291 3428; x_wconf 71' lang='lat' dir='ltr'>(ditem</span> <span class='ocrx_word' id='word_1_231' title='bbox 1320 3375 1355 3441; x_wconf 64' lang='lat' dir='ltr'>qu</span> <span class='ocrx_word' id='word_1_232' title='bbox 1377 3361 1439 3423; x_wconf 69' lang='lat' dir='ltr'>ene</span> 
     </span>
     <span class='ocr_line' id='line_1_27' title="bbox 257 3464 587 3549; baseline 0.006 -2"><span class='ocrx_word' id='word_1_233' title='bbox 257 3464 422 3547; x_wconf 66' lang='lat' dir='ltr'>eumue</span> <span class='ocrx_word' id='word_1_234' title='bbox 442 3464 587 3549; x_wconf 69' lang='lat' dir='ltr'>gernum</span> 
     </span>
     <span class='ocr_line' id='line_1_28' title="bbox 355 3595 730 3668; baseline -0.003 -15"><span class='ocrx_word' id='word_1_235' title='bbox 355 3595 506 3668; x_wconf 70' lang='lat' dir='ltr'>Dripirrct:</span> <span class='ocrx_word' id='word_1_236' title='bbox 526 3597 730 3667; x_wconf 62' lang='lat' dir='ltr'>&amp;recremento</span> 
     </span>
     <span class='ocr_line' id='line_1_29' title="bbox 215 3711 1438 3797; baseline 0 -20"><span class='ocrx_word' id='word_1_237' title='bbox 215 3711 279 3779; x_wconf 84' lang='lat' dir='ltr'>Nos</span> <span class='ocrx_word' id='word_1_238' title='bbox 301 3712 472 3779; x_wconf 83' lang='lat' dir='ltr'>Conradus</span> <span class='ocrx_word' id='word_1_239' title='bbox 493 3714 552 3780; x_wconf 85' lang='lat' dir='ltr'>Dei</span> <span class='ocrx_word' id='word_1_240' title='bbox 572 3716 672 3797; x_wconf 79' lang='lat' dir='ltr'>gratia</span> <span class='ocrx_word' id='word_1_241' title='bbox 693 3713 951 3796; x_wconf 78' lang='lat' dir='ltr'>Osnaburgensis</span> <span class='ocrx_word' id='word_1_242' title='bbox 981 3713 1151 3797; x_wconf 83' lang='lat' dir='ltr'>episeopus</span> <span class='ocrx_word' id='word_1_243' title='bbox 1182 3713 1438 3796; x_wconf 80' lang='lat' dir='ltr'>recognoscimus</span> 
     </span>
     <span class='ocr_line' id='line_1_30' title="bbox 157 3813 1436 3905; baseline -0.002 -20"><span class='ocrx_word' id='word_1_244' title='bbox 157 3813 251 3885; x_wconf 70' lang='lat' dir='ltr'>tenore</span> <span class='ocrx_word' id='word_1_245' title='bbox 272 3820 471 3903; x_wconf 84' lang='lat' dir='ltr'>presentium</span> <span class='ocrx_word' id='word_1_246' title='bbox 493 3822 619 3905; x_wconf 89' lang='lat' dir='ltr'>publice</span> <span class='ocrx_word' id='word_1_247' title='bbox 640 3826 864 3903; x_wconf 83' lang='lat' dir='ltr'>protestamur,</span> <span class='ocrx_word' id='word_1_248' title='bbox 893 3822 981 3905; x_wconf 92' lang='lat' dir='ltr'>quod</span> <span class='ocrx_word' id='word_1_249' title='bbox 1002 3821 1201 3886; x_wconf 76' lang='lat' dir='ltr'>marandiam</span> <span class='ocrx_word' id='word_1_250' title='bbox 1222 3821 1382 3886; x_wconf 89' lang='lat' dir='ltr'>bonorum</span> <span class='ocrx_word' id='word_1_251' title='bbox 1405 3820 1436 3883; x_wconf 90' lang='lat' dir='ltr'>in</span> 
     </span>
     <span class='ocr_line' id='line_1_31' title="bbox 157 3918 1437 4011; baseline 0.002 -23"><span class='ocrx_word' id='word_1_252' title='bbox 157 3918 214 4009; x_wconf 83' lang='lat' dir='ltr'>lle¹)</span> <span class='ocrx_word' id='word_1_253' title='bbox 242 3947 317 3994; x_wconf 89' lang='lat' dir='ltr'>cum</span> <span class='ocrx_word' id='word_1_254' title='bbox 346 3928 497 3993; x_wconf 84' lang='lat' dir='ltr'>omnihus</span> <span class='ocrx_word' id='word_1_255' title='bbox 527 3931 592 3993; x_wconf 89' lang='lat' dir='ltr'>suis</span> <span class='ocrx_word' id='word_1_256' title='bbox 624 3928 797 3993; x_wconf 84' lang='lat' dir='ltr'>attinentiis</span> <span class='ocrx_word' id='word_1_257' title='bbox 828 3932 861 3993; x_wconf 89' lang='lat' dir='ltr'>et</span> <span class='ocrx_word' id='word_1_258' title='bbox 883 3929 969 3993; x_wconf 89' lang='lat' dir='ltr'>omni</span> <span class='ocrx_word' id='word_1_259' title='bbox 988 3931 1073 4011; x_wconf 85' lang='lat' dir='ltr'>jure,</span> <span class='ocrx_word' id='word_1_260' title='bbox 1106 3947 1172 4011; x_wconf 90' lang='lat' dir='ltr'>quo</span> <span class='ocrx_word' id='word_1_261' title='bbox 1193 3929 1314 3993; x_wconf 81' lang='lat' dir='ltr'>Albero</span> <span class='ocrx_word' id='word_1_262' title='bbox 1335 3927 1437 3992; x_wconf 85' lang='lat' dir='ltr'>dictus</span> 
     </span>
     <span class='ocr_line' id='line_1_32' title="bbox 157 4034 1436 4118; baseline -0.002 -19"><span class='ocrx_word' id='word_1_263' title='bbox 157 4044 185 4092; x_wconf 74' lang='lat' dir='ltr'>te</span> <span class='ocrx_word' id='word_1_264' title='bbox 201 4038 290 4115; x_wconf 85' lang='lat' dir='ltr'>pater</span> <span class='ocrx_word' id='word_1_265' title='bbox 309 4034 410 4117; x_wconf 88' lang='lat' dir='ltr'>ipsius</span> <span class='ocrx_word' id='word_1_266' title='bbox 431 4039 463 4098; x_wconf 92' lang='lat' dir='ltr'>et</span> <span class='ocrx_word' id='word_1_267' title='bbox 483 4053 564 4098; x_wconf 87' lang='lat' dir='ltr'>arus</span> <span class='ocrx_word' id='word_1_268' title='bbox 585 4055 662 4099; x_wconf 87' lang='lat' dir='ltr'>suus</span> <span class='ocrx_word' id='word_1_269' title='bbox 684 4035 800 4099; x_wconf 89' lang='lat' dir='ltr'>eadem</span> <span class='ocrx_word' id='word_1_270' title='bbox 821 4037 908 4101; x_wconf 90' lang='lat' dir='ltr'>bona</span> <span class='ocrx_word' id='word_1_271' title='bbox 929 4036 1093 4118; x_wconf 90' lang='lat' dir='ltr'>quondam</span> <span class='ocrx_word' id='word_1_272' title='bbox 1117 4035 1340 4118; x_wconf 83' lang='lat' dir='ltr'>possederunt,</span> <span class='ocrx_word' id='word_1_273' title='bbox 1362 4051 1436 4097; x_wconf 89' lang='lat' dir='ltr'>cum</span> 
     </span>
     <span class='ocr_line' id='line_1_33' title="bbox 157 4133 1438 4226; baseline 0.002 -23"><span class='ocrx_word' id='word_1_274' title='bbox 157 4133 218 4203; x_wconf 73' lang='lat' dir='ltr'>luis</span> <span class='ocrx_word' id='word_1_275' title='bbox 238 4140 417 4206; x_wconf 88' lang='lat' dir='ltr'>eorundem</span> <span class='ocrx_word' id='word_1_276' title='bbox 438 4141 598 4206; x_wconf 89' lang='lat' dir='ltr'>honorum</span> <span class='ocrx_word' id='word_1_277' title='bbox 619 4144 775 4207; x_wconf 81' lang='lat' dir='ltr'>universis</span> <span class='ocrx_word' id='word_1_278' title='bbox 801 4143 939 4226; x_wconf 89' lang='lat' dir='ltr'>capitulo</span> <span class='ocrx_word' id='word_1_279' title='bbox 961 4147 1072 4209; x_wconf 90' lang='lat' dir='ltr'>nostro</span> <span class='ocrx_word' id='word_1_280' title='bbox 1094 4142 1337 4224; x_wconf 77' lang='lat' dir='ltr'>osnaburgensi</span> <span class='ocrx_word' id='word_1_281' title='bbox 1358 4141 1438 4205; x_wconf 91' lang='lat' dir='ltr'>libe-</span> 
     </span>
     <span class='ocr_line' id='line_1_34' title="bbox 157 4243 1435 4333; baseline 0.001 -22"><span class='ocrx_word' id='word_1_282' title='bbox 157 4243 197 4309; x_wconf 77' lang='lat' dir='ltr'>ter</span> <span class='ocrx_word' id='word_1_283' title='bbox 215 4249 405 4313; x_wconf 85' lang='lat' dir='ltr'>contulimus</span> <span class='ocrx_word' id='word_1_284' title='bbox 427 4255 460 4313; x_wconf 90' lang='lat' dir='ltr'>et</span> <span class='ocrx_word' id='word_1_285' title='bbox 481 4249 674 4314; x_wconf 83' lang='lat' dir='ltr'>conferimus</span> <span class='ocrx_word' id='word_1_286' title='bbox 695 4253 891 4333; x_wconf 87' lang='lat' dir='ltr'>presentium</span> <span class='ocrx_word' id='word_1_287' title='bbox 909 4251 1092 4316; x_wconf 84' lang='lat' dir='ltr'>testimonio</span> <span class='ocrx_word' id='word_1_288' title='bbox 1106 4251 1295 4315; x_wconf 87' lang='lat' dir='ltr'>litterarum.</span> <span class='ocrx_word' id='word_1_289' title='bbox 1319 4248 1435 4313; x_wconf 85' lang='lat' dir='ltr'>Datum</span> 
     </span>
     <span class='ocr_line' id='line_1_35' title="bbox 157 4351 1434 4440; baseline 0.004 -25"><span class='ocrx_word' id='word_1_290' title='bbox 157 4351 307 4438; x_wconf 70' lang='lat' dir='ltr'>nbruqhe,</span> <span class='ocrx_word' id='word_1_291' title='bbox 339 4375 426 4421; x_wconf 87' lang='lat' dir='ltr'>anno</span> <span class='ocrx_word' id='word_1_292' title='bbox 447 4355 843 4423; x_wconf 59' lang='grc' dir='ltr'>11011111ιί111111111111111ο</span> <span class='ocrx_word' id='word_1_293' title='bbox 863 4359 976 4440; x_wconf 86' lang='lat' dir='ltr'>primo,</span> <span class='ocrx_word' id='word_1_294' title='bbox 1008 4359 1042 4422; x_wconf 92' lang='lat' dir='ltr'>in</span> <span class='ocrx_word' id='word_1_295' title='bbox 1064 4361 1179 4422; x_wconf 82' lang='lat' dir='ltr'>octava</span> <span class='ocrx_word' id='word_1_296' title='bbox 1199 4358 1286 4421; x_wconf 75' lang='lat' dir='ltr'>beati</span> <span class='ocrx_word' id='word_1_297' title='bbox 1307 4355 1434 4421; x_wconf 78' lang='lat' dir='ltr'>Martini</span> 
     </span>
     <span class='ocr_line' id='line_1_36' title="bbox 157 4460 245 4527; baseline 0.023 -2"><span class='ocrx_word' id='word_1_298' title='bbox 157 4460 245 4527; x_wconf 82' lang='lat' dir='ltr'>malis.</span> 
     </span>
     <span class='ocr_line' id='line_1_37' title="bbox 214 4591 1436 4680; baseline -0.002 -19"><span class='ocrx_word' id='word_1_299' title='bbox 214 4592 282 4661; x_wconf 66' lang='lat' dir='ltr'>tlon</span> <span class='ocrx_word' id='word_1_300' title='bbox 303 4594 370 4660; x_wconf 78' lang='lat' dir='ltr'>tem</span> <span class='ocrx_word' id='word_1_301' title='bbox 391 4602 451 4661; x_wconf 72' lang='lat' dir='ltr'>cue</span> <span class='ocrx_word' id='word_1_302' title='bbox 472 4592 523 4660; x_wconf 82' lang='lat' dir='ltr'>bet</span> <span class='ocrx_word' id='word_1_303' title='bbox 544 4593 681 4661; x_wconf 81' lang='lat' dir='ltr'>tlrtunte</span> <span class='ocrx_word' id='word_1_304' title='bbox 702 4594 911 4680; x_wconf 76' lang='lat' dir='ltr'>qeidnittmen</span> <span class='ocrx_word' id='word_1_305' title='bbox 929 4591 1231 4680; x_wconf 67' lang='lat' dir='ltr'>ilerqcmentitteiien</span> <span class='ocrx_word' id='word_1_306' title='bbox 1252 4591 1310 4659; x_wconf 75' lang='lat' dir='ltr'>uu</span> <span class='ocrx_word' id='word_1_307' title='bbox 1326 4591 1436 4675; x_wconf 68' lang='lat' dir='ltr'>emer</span> 
     </span>
    </p>
   </div>
   <div class='ocr_carea' id='block_1_6' title="bbox 198 4879 710 4952">
    <p class='ocr_par' dir='ltr' id='par_1_6' title="bbox 198 4879 710 4952">
     <span class='ocr_line' id='line_1_38' title="bbox 198 4879 710 4952; baseline 0.002 -5"><span class='ocrx_word' id='word_1_308' title='bbox 198 4880 218 4947; x_wconf 86' lang='lat'>¹)</span> <span class='ocrx_word' id='word_1_309' title='bbox 234 4879 374 4952; x_wconf 57' lang='grc'><strong>818616·</strong></span> <span class='ocrx_word' id='word_1_310' title='bbox 393 4880 484 4947; x_wconf 70' lang='lat' dir='ltr'>noue,</span> <span class='ocrx_word' id='word_1_311' title='bbox 501 4880 588 4947; x_wconf 65' lang='grc'><strong>91181</strong></span> <span class='ocrx_word' id='word_1_312' title='bbox 607 4881 710 4949; x_wconf 65' lang='lat' dir='ltr'>vilieu</span> 
     </span>
    </p>
   </div>
   <div class='ocr_carea' id='block_1_7' title="bbox 0 0 1610 5354">
    <p class='ocr_par' dir='ltr' id='par_1_7' title="bbox 0 0 1610 5354">
     <span class='ocr_line' id='line_1_39' title="bbox 0 0 1610 5354; baseline 0 0"><span class='ocrx_word' id='word_1_313' title='bbox 0 0 1610 5354; x_wconf 95' lang='lat' dir='ltr'> </span> 
     </span>
    </p>
   </div>
  </div>
 </body>
</html>
