3210 5354
757 363 825 420 1291
1398 351 1460 418 191

238 529 405 597 lohannes
423 530 522 613 judex
544 530 577 595 in
599 528 857 615 Quakenbrugge
889 531 1039 598 omnibus
1071 533 1233 615 presentia
1265 532 1378 599 visuris
1405 552 1462 599 seu

157 639 271 707 lituris
304 642 418 704 notum
451 638 593 719 iacimus,
628 639 716 722 quod
749 638 863 725 (Gisia)
910 640 974 706 lilia
1016 641 1135 706 domini
1179 638 1316 707 Widoldi
1358 640 1463 707 militis

157 747 256 814 limati
279 747 353 814 dicti
374 747 415 814 de
426 747 647 814 Scherehome
669 767 777 814 coram
799 747 978 814 castellanis
999 751 1031 814 et
1053 747 1145 814 nobis
1166 750 1356 829 usufructus,
1380 770 1461 834 quos

157 856 228 922 buit
250 857 293 923 de
314 855 452 923 claustro
473 856 590 923 Montis
610 857 723 923 sancte
743 857 840 922 Maria
861 857 893 922 in
916 857 1071 938 Borstolo,
1102 858 1186 923 dicto
1208 860 1342 926 cenobio
1363 862 1461 944 resig-

157 968 204 1035 vit
226 972 260 1034 et
280 966 468 1033 Tnidericus
490 970 523 1032 et
544 965 712 1033 Widoldus
734 965 848 1031 fratres
871 966 911 1031 de
933 963 1153 1032 Scherehorne
1176 987 1249 1034 cum
1272 988 1381 1035 sorore
1402 987 1462 1034 sua

157 1096 179 1143 n
202 1076 289 1143 diota
310 1076 342 1141 in
364 1076 466 1142 iorma
484 1075 592 1161 judicii
617 1095 725 1142 eoram
758 1074 936 1141 castellanis
967 1078 1000 1140 et
1021 1076 1114 1142 nobis
1135 1078 1304 1157 constituti,
1337 1078 1364 1143 si
1386 1079 1462 1162 quid

157 1185 192 1251 ds
214 1185 396 1251 habuerant
418 1185 450 1249 in
472 1185 570 1251 domo
591 1184 857 1270 Hengheholte,¹)
885 1203 981 1267 quam
1003 1188 1096 1268 pater
1117 1185 1272 1252 dictorum
1294 1186 1463 1254 Widoldus

157 1293 209 1360 les
229 1293 327 1359 beate
357 1294 512 1360 memorie
544 1293 668 1377 pretato
701 1293 838 1359 claustro
868 1293 1066 1372 vendiderat,
1099 1295 1132 1359 in
1167 1314 1282 1361 manus
1309 1295 1462 1362 Gerhardi

157 1402 271 1488 epositi
292 1402 415 1469 cenobii
438 1403 607 1468 memorati
628 1403 670 1468 ad
692 1402 870 1486 proiectum
905 1405 937 1468 et
958 1403 1126 1469 utilitatem
1149 1403 1312 1470 abbatisse
1334 1408 1364 1469 et
1388 1424 1464 1470 oon·

157 1516 232 1578 ntus
253 1512 286 1576 in
308 1509 452 1578 Borstelo
474 1514 549 1578 voto
571 1514 602 1576 et
614 1510 777 1577 voluntate
790 1512 932 1576 unanimi
944 1513 1145 1596 resignarunt
1164 1531 1272 1578 coram
1285 1512 1465 1579 castellanis

169 1620 305 1688 testibus
336 1620 528 1687 subnotatis:
576 1620 785 1687 Constantino
815 1621 898 1688 dicto
920 1621 1047 1705 Proyth,
1081 1620 1218 1687 Willone
1241 1622 1282 1688 de
1306 1622 1463 1702 Smerten,

157 1729 266 1795 banne
287 1728 329 1795 de
349 1728 497 1812 Astorpe,
527 1728 655 1795 Hinrico
677 1728 844 1812 Gogravio,
874 1730 1021 1798 Johanne
1042 1730 1083 1795 de
1104 1729 1271 1810 Bocrothe,
1294 1729 1464 1809 militibus3

157 1836 261 1904 erardo
282 1837 323 1902 de
345 1835 473 1918 Werve,
494 1837 641 1903 Johanne
657 1837 769 1917 Lusco,
791 1837 980 1904 Hermanno
991 1838 1104 1918 Woke,
1129 1838 1278 1905 Conrado
1297 1839 1338 1904 de
1351 1838 1464 1919 Halen,

157 1946 323 2026 icbrando,
366 1945 511 2011 Johanne
539 1945 652 2030 Vulpe,
695 1946 845 2012 Brunone
872 1947 913 2013 de
940 1948 1038 2029 bulle,
1083 1947 1226 2027 Gerlaro,
1269 1946 1402 2014 Alberto
1424 1948 1465 2013 de

157 2059 265 2139 torpe,
287 2055 459 2121 lamberto
479 2054 520 2120 de
533 2054 670 2135 Hekese,
693 2055 840 2120 iohanne
862 2056 903 2120 de
914 2056 1101 2135 Arenborst,
1115 2056 1309 2122 'Hermanno
1331 2055 1465 2122 Schere-

157 2184 208 2244 un,
242 2163 376 2229 Alberto
398 2164 439 2230 de
461 2163 636 2247 Snetlaghe
666 2164 792 2229 famulis
824 2168 855 2230 et
888 2166 956 2230 aliis
981 2184 1078 2250 quam
1100 2165 1244 2250 pluribus
1266 2166 1330 2231 fide
1353 2165 1463 2248 dignis.

157 2292 183 2338 rs
204 2292 282 2339 vero
303 2272 466 2338 castellani
489 2274 530 2339 ad
553 2274 649 2356 hujus
670 2273 744 2339 iacti
766 2275 982 2339 testimonium
1009 2275 1222 2358 prenominati
1243 2275 1285 2341 ad
1307 2277 1464 2359 protesta-

157 2400 236 2446 »nem
259 2380 515 2464 supradictomm
549 2382 590 2447 de
622 2401 781 2449 consensu
814 2386 991 2449 ceterorum
1027 2403 1159 2466 presens
1192 2385 1343 2469 scripturn
1376 2383 1465 2467 sigilli

157 2489 217 2554 stri
250 2489 426 2554 munimine
460 2490 609 2556 duximus
640 2491 868 2560 roborandum.
912 2494 994 2559 Acta
1020 2497 1094 2558 sunt
1116 2493 1176 2559 bec
1197 2493 1463 2577 Quakenbmgge,

157 2616 203 2662 no
224 2596 352 2663 Domini
372 2596 664 2680 M⁰CG⁰LXXXX⁰,
686 2601 823 2667 sabbato
845 2602 919 2685 post
940 2600 1135 2667 nativitatem
1159 2600 1295 2681 Domini,
1319 2601 1378 2666 111⁰
1399 2600 1464 2667 Ka-

157 2705 230 2772 rdas
251 2703 402 2774 ianuarii·

243 2838 316 2908 mo
338 2837 448 2925 &teget
469 2837 504 2917 iu
527 2838 701 2925 abgefotteu.

223 3022 246 3091 ¹)
266 3019 433 3080 &rothberti
450 3019 602 3093 pangrtott
620 3021 649 3077 ln
668 3019 814 3092 emmone,
832 3020 919 3092 ttrlpt.
939 3021 1035 3093 berge.

157 3300 194 3370 b.
217 3337 257 3351 -
282 3299 365 3372 1291
387 3301 512 3385 (1290),
534 3299 668 3380 nouom
688 3299 741 3371 30.

286 3433 420 3519 madent
442 3433 589 3502 beornoth
611 3433 673 3500 unt
695 3434 751 3501 bot
774 3431 894 3515 depilet
915 3449 975 3500 oon
998 3431 1053 3498 &t
1076 3430 1204 3515 Srione
1225 3428 1381 3509 tetuabeu,
1403 3428 1461 3509 boi

286 3541 334 3624 ibt
356 3540 532 3609 litttbrubet
563 3543 614 3609 bet
636 3541 707 3609 uate
729 3539 886 3626 eegeooo
917 3541 972 3606 mit
994 3540 1075 3607 einer
1096 3557 1165 3606 rom
1188 3538 1380 3622 &titutum
1401 3538 1458 3618 8⁰³

284 3651 400 3734 bonnet
421 3668 481 3717 oon
502 3649 665 3735 §bietingen
687 3647 838 3734 getoutten
861 3648 1021 3716 (brittanie
1043 3647 1104 3724 lein
1127 3646 1370 3731 &ertgebtrbtnit
1399 3646 1460 3713 unt

288 3759 343 3825 bos
366 3758 461 3841 loiret
482 3757 684 3836 rudoricum
706 3758 791 3843 &rou
817 3758 878 3825 unt
900 3756 994 3839 [einer
1016 3757 1121 3824 littero
1144 3756 1276 3840 geitiitet,
1308 3755 1357 3836 ircb
1380 3754 1461 3837 toltit

286 3866 356 3935 obet
377 3866 431 3949 oui
453 3865 622 3951 ssebeuegeit
643 3866 698 3933 ten
722 3866 821 3950 diegug
844 3866 895 3933 ber
917 3865 1015 3933 urente
1036 3863 1227 3948 norbetotten
1248 3862 1331 3946 tabe.

382 3997 534 4070 Qtigtnot:
567 3997 771 4070 &tootssorcbln

246 4117 439 4184 Vromoldus
461 4119 601 4184 decanus
634 4120 802 4201 totumque
835 4115 1007 4198 capitulum
1040 4114 1170 4181 ecclesie
1192 4113 1292 4178 saneti
1314 4111 1465 4179 lobannis

157 4226 375 4311 ruaburgensis
397 4226 547 4292 omnibus
577 4228 638 4293 hor
671 4226 822 4309 scriptum
855 4225 967 4289 visuris
1000 4227 1112 4289 notum
1148 4241 1219 4287 esse
1252 4220 1399 4286 volumus
1433 4225 1465 4287 et

157 4335 319 4401 menibus
340 4335 450 4401 litteris
471 4338 697 4418 protestamur,
721 4334 808 4417 quod
831 4333 1034 4416 Segehardus
1056 4333 1154 4398 laicus
1176 4331 1334 4397 confrater
1356 4334 1464 4395 noster

157 4453 189 4501 to
205 4460 260 4508 sua
293 4446 325 4508 et
346 4443 512 4527 quondam
534 4441 698 4507 Gertmdis
730 4441 837 4506 uxoris
858 4461 926 4522 sue,
956 4441 1109 4507 iohannis
1132 4443 1164 4506 et
1185 4438 1327 4526 Albeidis
1349 4457 1466 4520 paren-

157 4558 197 4610 tm
213 4567 341 4618 suorum
364 4551 521 4618 memoria
542 4554 574 4617 in
597 4551 729 4618 ecclesia
751 4556 859 4616 nostra
874 4554 1028 4634 perpetuo
1041 4549 1232 4615 celebranda
1247 4547 1340 4613 unius
1357 4566 1464 4613 marce

157 4651 306 4727 aeditua
327 4659 473 4727 iohanne
506 4661 546 4727 de
568 4659 711 4742 Dilingen
746 4658 960 4725 concanonico
993 4660 1103 4722 nostro
1136 4675 1194 4739 pro
1224 4655 1463 4739 quatuorderim

157 4763 238 4829 mes
255 4768 452 4853 comparavit
472 4769 528 4835 tali
551 4769 730 4836 conditione
751 4768 888 4851 adjecta,
909 4769 944 4831 ut
966 4766 1049 4831 idem
1073 4763 1287 4846 Segehardus,
1310 4764 1464 4846 quamdiu

159 4861 245 4954 libbi,
273 4879 410 4945 eandem
443 4897 585 4945 marcam
618 4880 660 4945 ad
696 4898 772 4944 usus
794 4896 870 4943 suos
901 4876 1033 4959 recipiat
1062 4877 1094 4939 et
1115 4872 1243 4953 babeat,
1265 4872 1410 4939 videlicet
1430 4873 1464 4939 in

160 4963 248 5048 Pttrbe
265 4984 425 5053 dimidiam
447 5004 588 5054 maroam
623 4989 655 5051 et
689 4987 720 5050 in
751 4985 833 5050 festo
855 4984 954 5050 sancti
976 4981 1158 5048 tlichahelis
1180 4980 1275 5047 aliam
1300 4979 1464 5047 dimidiam
