3210 5354
671 323 741 380 raas

17 566 26 573 ,
58 482 98 554 it.
116 522 147 534 -
169 486 253 558 1282
275 446 553 571 (ltsltst’toruot
575 489 627 560 16.

196 666 257 733 tuis
279 666 407 743 utteris
429 668 544 752 ttertto
575 669 636 735 uuo
669 669 721 735 ter
742 668 880 737 torrent
904 669 956 736 bre
980 668 1112 747 ittoitere
1134 669 1377 754 destruentem

198 773 356 855 betarum,
387 775 445 856 tot
475 775 529 858 out
564 776 648 860 ibren
680 775 804 858 tttuuid
837 777 885 861 itt
919 776 1028 860 tiropt
1061 777 1198 861 uerunt
1231 778 1293 844 unt
1326 778 1378 845 ter

199 882 329 967 linotet
351 902 400 951 ors
422 883 699 969 Sotonniettttore
721 885 763 951 irs
785 885 878 964 Suom,
901 882 1057 965 tteotrieb,
1078 884 1133 950 boe
1157 884 1377 969 ueurnpsue

196 992 230 1059 in
251 992 384 1073 uorum,
414 993 532 1076 metrice
554 991 660 1073 tieitet
683 991 807 1059 uouere
829 1010 897 1059 oonr
920 990 1034 1071 ttiottu
1055 1010 1089 1075 su
1113 992 1192 1077 tetro
1214 998 1295 1078 trus,
1326 992 1378 1076 tiu

195 1100 251 1167 boe
273 1099 387 1180 diriter
409 1099 576 1186 orgetoutt,
607 1099 657 1183 ssd
691 1100 761 1168 obes
795 1100 848 1182 out
871 1100 1040 1185 deterserit
1061 1101 1107 1169 tie
1130 1101 1288 1184 eiutuoite
1309 1119 1377 1170 sor:

195 1207 329 1292 hetotteu
351 1208 454 1293 tabeo.

292 1387 441 1460 tirtptuot:
461 1387 664 1461 &instertitio

154 1552 312 1618 Universis
329 1553 446 1619 Christi
468 1554 614 1620 fidelibus
636 1555 797 1638 presentia
819 1554 931 1619 visuris
949 1555 1044 1619 Berta
1058 1555 1208 1637 priorissa
1227 1557 1377 1636 totusque

59 1664 203 1727 conventus
224 1661 340 1726 Montis
370 1667 479 1728 sancte
501 1662 666 1728 Gertrudls
695 1665 785 1726 extra
810 1680 920 1727 muros
942 1661 1208 1744 Osnaburgenses
1238 1661 1270 1726 in
1300 1680 1376 1728 vero

59 1763 158 1832 ululari
189 1769 335 1836 salutem.
378 1769 531 1836 Noverint
560 1770 700 1834 universi
730 1773 795 1834 tarn
818 1769 938 1852 posteri
959 1788 1058 1852 quam
1081 1772 1257 1852 presentes,
1290 1769 1377 1851 quod

58 1870 176 1941 domnus
203 1875 388 1941 Gerhardus
420 1879 602 1961 prepositus
634 1880 744 1941 noster
773 1896 900 1941 necnon
930 1877 1103 1941 Renlridus
1135 1881 1239 1942 rector
1270 1877 1378 1942 altaris

57 1976 118 2046 berti
146 1982 299 2049 iohannis
341 1984 545 2067 ewangeliste
585 1984 716 2050 ecclesie
750 1984 1006 2067 Osnaburgensis
1043 1986 1193 2052 domum.
1214 1986 1377 2069 quandam

56 2084 125 2152 sitam
154 2090 187 2154 in
218 2091 294 2155 villa
324 2090 530 2176 Dornhem,¹)
564 2111 626 2174 que
659 2093 701 2157 ad
733 2092 899 2177 Fontem¹)
932 2094 1053 2173 dicitur,
1086 2112 1183 2175 quarn
1211 2092 1376 2157 Wescelus

55 2191 134 2261 dictus
162 2197 318 2264 Vulledhe
349 2200 392 2264 ab
426 2199 558 2266 ecclesia
590 2204 700 2265 nostra
731 2201 763 2264 in
796 2201 891 2265 feodo
926 2200 1065 2279 tenebat,
1108 2200 1150 2264 ad
1190 2200 1375 2282 petitionem

54 2307 170 2371 uestram
192 2306 285 2372 simul
308 2308 374 2373 suis
395 2308 532 2373 denariis
554 2311 792 2390 compararunt.
835 2307 885 2373 Ita
906 2307 1059 2387 videlicet,
1085 2308 1173 2389 quod
1195 2307 1280 2371 idem
1302 2327 1376 2389 pre·

54 2411 151 2490 positus
173 2415 290 2481 dictam
313 2416 444 2481 domurn
467 2416 649 2481 cumomni
672 2415 805 2479 utilitate
829 2419 861 2479 et
882 2415 986 2480 fructu
1016 2416 1048 2479 in
1076 2435 1135 2480 sua
1165 2420 1279 2480 tenens
1300 2434 1377 2498 pos·

54 2521 169 2588 sessione
190 2524 275 2590 dicto
296 2524 451 2590 Renfrido
484 2524 614 2605 singulis
636 2522 738 2601 annis,
773 2521 926 2605 quamdiu
959 2522 1079 2598 vixerit,
1112 2523 1144 2587 in
1175 2522 1257 2587 festo
1290 2522 1376 2587 beati

53 2621 162 2695 intur
180 2632 320 2715 epIscopi
348 2650 407 2715 pro
438 2634 524 2697 sorte
552 2650 611 2696 sua
642 2632 706 2695 duo
739 2630 847 2695 mollia
868 2629 997 2711 siliginis
1019 2633 1051 2694 et
1071 2647 1172 2693 unum
1195 2628 1284 2693 ordei
1305 2648 1375 2693 am·

54 2733 192 2816 ministret,
226 2758 289 2822 que
323 2739 382 2804 tria
414 2740 523 2804 moltia
556 2743 630 2822 post
663 2740 785 2805 obitum
819 2738 963 2820 ejusdem
990 2735 1134 2801 Renfridi
1167 2734 1269 2800 dictus
1301 2754 1375 2817 pre-

54 2844 159 2926 positus,
198 2846 224 2910 si
265 2846 483 2928 supervixerit,
524 2848 566 2912 ad
598 2847 819 2911 emendandas
853 2848 958 2909 vestes
994 2846 1120 2908 nostras
1157 2844 1249 2908 nobis
1283 2845 1375 2908 annis

54 2947 157 3034 irruis
190 2954 350 3038 persolvet
382 2956 518 3018 termino
550 2956 743 3038 supradicto.
786 2953 820 3018 Si
858 2955 966 3017 autem
1008 2951 1167 3032 prelatum
1209 2951 1374 3015 dominum

54 3062 170 3126 uestrum
191 3061 389 3145 prepositum
411 3063 491 3126 mori
513 3062 687 3143 contigerit,
721 3062 836 3126 eodem
858 3060 1013 3126 Renlrido
1044 3059 1268 3141 supravivente
1298 3077 1375 3141 pre·

55 3168 139 3234 notata
165 3170 281 3235 domus
310 3189 384 3234 cum
414 3170 562 3234 omnibus
592 3170 799 3252 proventibus
831 3171 863 3232 et
884 3165 1058 3232 attinentiis
1080 3165 1145 3229 suis
1167 3165 1208 3229 ad
1231 3170 1374 3231 nostram

55 3277 261 3348 pussessionem
296 3278 365 3343 sine
397 3277 647 3342 contradictione
681 3277 823 3359 qualibet
852 3275 993 3358 plenarie
1016 3272 1210 3351 devolvetur,
1245 3273 1375 3338 domino

55 3383 149 3462 uestro,
180 3385 234 3467 qui
264 3389 341 3450 tunc
368 3405 427 3469 pro
450 3389 595 3467 tempore
618 3387 797 3468 prepositus
819 3387 929 3448 noster
950 3377 1111 3459 exstiterit,
1135 3379 1222 3444 nullo
1251 3382 1323 3463 jure
1345 3381 1377 3445 in

10 3566 12 3572 Ι
55 3485 144 3564 aden
173 3492 300 3574 penitus
332 3495 503 3556 reservato.
548 3491 587 3557 Et
615 3513 675 3558 nos
704 3497 820 3557 extunc
852 3492 1014 3574 sepedicto
1035 3488 1189 3555 Renlrido
1218 3488 1261 3553 ad
1290 3488 1377 3555 solu-

10 3604 12 3650 ?
55 3590 147 3662 ionem
168 3600 249 3665 dicte
271 3618 399 3664 annone
420 3599 551 3681 singulis
572 3601 666 3665 annis
689 3600 842 3683 quamdiu
864 3600 976 3664 vixerit
1003 3597 1225 3663 nichilominus
1257 3597 1375 3661 erimus

55 3696 174 3783 oblgate.
195 3707 231 3770 ln
254 3708 343 3790 cujus
367 3708 411 3771 rei
433 3707 649 3771 testimonium
666 3711 698 3771 et
713 3708 841 3789 plenam
862 3707 1051 3772 evidentiam
1070 3724 1205 3787 presens
1223 3706 1376 3788 scripturn

55 3812 138 3877 nostro
177 3813 276 3896 sigillo
319 3814 450 3879 fecimus
493 3814 690 3879 communiri.
736 3814 853 3879 Datum
897 3816 929 3878 et
975 3816 1082 3878 actum
1125 3830 1211 3876 anno
1251 3810 1377 3876 Domini

56 3905 283 3986 lllllClLXXXl
304 3922 417 4004 primo,
439 3920 541 3986 XVII⁰
562 3922 724 3987 Kalendas
745 3920 917 3987 Februarii.

154 4100 261 4186 &isset
292 4119 332 4167 oo
365 4101 459 4168 einen
489 4111 547 4168 oue
577 4102 628 4169 ter
660 4100 798 4169 ttrtunte
830 4100 1039 4184 retenturum
1075 4094 1375 4183 derssomrntitreiicn

58 4192 146 4289 (eut.
166 4210 208 4278 e.
233 4209 307 4289 111,
328 4208 374 4293 r).

138 4412 156 4477 ¹)
174 4411 294 4481 morum!
311 4410 398 4481 ertu.
418 4411 509 4482 tisim!
530 4412 575 4469 itt.
595 4411 762 4469 Dessobrird.
782 4439 815 4449 -
844 4409 866 4479 ¹)
886 4410 992 4480 tapetes
1010 4413 1039 4466 tu
1059 4410 1107 4466 teu
1127 4404 1376 4476 ueritatenoersrr

58 4481 224 4570 &introsiliens
244 4499 290 4555 otu
308 4505 354 4554 tor
372 4500 482 4554 Wsllen
501 4499 652 4570 tigridium.
690 4497 754 4569 uqi.
775 4501 860 4554 nuteu
879 4495 930 4552 su.
949 4497 1009 4551 5³7.
