<?xml version="1.0" encoding="UTF-8"?>
<!DOCTYPE html PUBLIC "-//W3C//DTD XHTML 1.0 Transitional//EN"
    "http://www.w3.org/TR/xhtml1/DTD/xhtml1-transitional.dtd">
<html xmlns="http://www.w3.org/1999/xhtml" xml:lang="en" lang="en">
 <head>
  <title>
</title>
<meta http-equiv="Content-Type" content="text/html;charset=utf-8" />
  <meta name='ocr-system' content='tesseract 3.04.00' />
  <meta name='ocr-capabilities' content='ocr_page ocr_carea ocr_par ocr_line ocrx_word'/>
</head>
<body>
  <div class='ocr_page' id='page_1' title='image "./osnabrckerurkun01brgoog/osnabrckerurkun01brgoog_0111.png"; bbox 0 0 3210 5354; ppageno 0'>
   <div class='ocr_carea' id='block_1_1' title="bbox 671 314 1373 386">
    <p class='ocr_par' dir='ltr' id='par_1_1' title="bbox 671 314 1373 386">
     <span class='ocr_line' id='line_1_1' title="bbox 671 314 1373 386; baseline -0.013 0"><span class='ocrx_word' id='word_1_1' title='bbox 671 330 742 386; x_wconf 77' lang='lat'>1284</span> <span class='ocrx_word' id='word_1_2' title='bbox 772 351 781 370; x_wconf 89' lang='lat'><strong>·</strong></span> <span class='ocrx_word' id='word_1_3' title='bbox 1333 314 1373 378; x_wconf 85' lang='lat'>91</span> 
     </span>
    </p>
   </div>
   <div class='ocr_carea' id='block_1_2' title="bbox 8 492 1378 4577">
    <p class='ocr_par' dir='ltr' id='par_1_2' title="bbox 8 492 1378 4577">
     <span class='ocr_line' id='line_1_2' title="bbox 157 492 1378 577; baseline 0.001 -20"><span class='ocrx_word' id='word_1_4' title='bbox 157 492 318 558; x_wconf 88' lang='lat' dir='ltr'>Universis</span> <span class='ocrx_word' id='word_1_5' title='bbox 347 493 391 559; x_wconf 89' lang='lat' dir='ltr'>ad</span> <span class='ocrx_word' id='word_1_6' title='bbox 420 511 501 576; x_wconf 87' lang='lat' dir='ltr'>quos</span> <span class='ocrx_word' id='word_1_7' title='bbox 531 496 697 577; x_wconf 83' lang='lat' dir='ltr'>presentes</span> <span class='ocrx_word' id='word_1_8' title='bbox 730 492 830 560; x_wconf 76' lang='lat' dir='ltr'>littere</span> <span class='ocrx_word' id='word_1_9' title='bbox 861 495 1063 576; x_wconf 81' lang='lat' dir='ltr'>pervenerint</span> <span class='ocrx_word' id='word_1_10' title='bbox 1093 546 1100 561; x_wconf 94' lang='lat'><strong>.</strong></span> <span class='ocrx_word' id='word_1_11' title='bbox 1131 495 1281 560; x_wconf 82' lang='lat' dir='ltr'>‚scabini</span> <span class='ocrx_word' id='word_1_12' title='bbox 1313 495 1378 559; x_wconf 91' lang='lat' dir='ltr'>sive</span> 
     </span>
     <span class='ocr_line' id='line_1_3' title="bbox 61 599 1378 686; baseline 0.004 -24"><span class='ocrx_word' id='word_1_13' title='bbox 61 599 177 664; x_wconf 83' lang='lat' dir='ltr'>consules</span> <span class='ocrx_word' id='word_1_14' title='bbox 199 600 331 665; x_wconf 87' lang='lat' dir='ltr'>civitatis</span> <span class='ocrx_word' id='word_1_15' title='bbox 353 600 608 682; x_wconf 85' lang='lat' dir='ltr'>Osnaburgensis</span> <span class='ocrx_word' id='word_1_16' title='bbox 630 621 821 685; x_wconf 83' lang='lat' dir='ltr'>cognoscere</span> <span class='ocrx_word' id='word_1_17' title='bbox 848 603 1023 668; x_wconf 84' lang='lat' dir='ltr'>veritatem.</span> <span class='ocrx_word' id='word_1_18' title='bbox 1068 602 1150 668; x_wconf 86' lang='lat' dir='ltr'>Cum</span> <span class='ocrx_word' id='word_1_19' title='bbox 1173 623 1213 668; x_wconf 86' lang='lat' dir='ltr'>ex</span> <span class='ocrx_word' id='word_1_20' title='bbox 1236 603 1378 686; x_wconf 90' lang='lat' dir='ltr'>injuncto</span> 
     </span>
     <span class='ocr_line' id='line_1_4' title="bbox 8 707 1374 793; baseline -0.001 -17"><span class='ocrx_word' id='word_1_21' title='bbox 8 736 12 776; x_wconf 90' lang='lat'><strong>:</strong></span> <span class='ocrx_word' id='word_1_22' title='bbox 63 707 130 772; x_wconf 87' lang='lat' dir='ltr'>nobis</span> <span class='ocrx_word' id='word_1_23' title='bbox 156 709 257 774; x_wconf 81' lang='lat' dir='ltr'>officio</span> <span class='ocrx_word' id='word_1_24' title='bbox 284 714 452 774; x_wconf 73' lang='lat' dir='ltr'>teneamur</span> <span class='ocrx_word' id='word_1_25' title='bbox 481 710 698 775; x_wconf 87' lang='lat' dir='ltr'>communium</span> <span class='ocrx_word' id='word_1_26' title='bbox 728 711 926 793; x_wconf 88' lang='lat' dir='ltr'>negotiorum</span> <span class='ocrx_word' id='word_1_27' title='bbox 956 711 1166 776; x_wconf 90' lang='lat' dir='ltr'>universitatis</span> <span class='ocrx_word' id='word_1_28' title='bbox 1199 711 1374 776; x_wconf 85' lang='lat' dir='ltr'>concivium</span> 
     </span>
     <span class='ocr_line' id='line_1_5' title="bbox 63 818 1377 902; baseline 0.003 -24"><span class='ocrx_word' id='word_1_29' title='bbox 63 820 213 882; x_wconf 88' lang='lat' dir='ltr'>nostrorum</span> <span class='ocrx_word' id='word_1_30' title='bbox 248 837 356 884; x_wconf 85' lang='lat' dir='ltr'>curam</span> <span class='ocrx_word' id='word_1_31' title='bbox 385 836 505 901; x_wconf 78' lang='lat' dir='ltr'>gerere,</span> <span class='ocrx_word' id='word_1_32' title='bbox 537 818 582 883; x_wconf 90' lang='lat' dir='ltr'>rei</span> <span class='ocrx_word' id='word_1_33' title='bbox 613 818 738 902; x_wconf 90' lang='lat' dir='ltr'>publice</span> <span class='ocrx_word' id='word_1_34' title='bbox 768 818 890 884; x_wconf 83' lang='lat' dir='ltr'>utilitati</span> <span class='ocrx_word' id='word_1_35' title='bbox 930 819 1116 902; x_wconf 89' lang='lat' dir='ltr'>prospicere.</span> <span class='ocrx_word' id='word_1_36' title='bbox 1139 838 1176 884; x_wconf 87' lang='lat' dir='ltr'>ac</span> <span class='ocrx_word' id='word_1_37' title='bbox 1209 818 1377 901; x_wconf 87' lang='lat' dir='ltr'>dispendia</span> 
     </span>
     <span class='ocr_line' id='line_1_6' title="bbox 62 923 1377 1010; baseline 0.004 -25"><span class='ocrx_word' id='word_1_38' title='bbox 62 923 134 1005; x_wconf 89' lang='lat' dir='ltr'>ipsius</span> <span class='ocrx_word' id='word_1_39' title='bbox 154 945 200 1007; x_wconf 89' lang='lat' dir='ltr'>ea,</span> <span class='ocrx_word' id='word_1_40' title='bbox 223 945 287 1010; x_wconf 86' lang='lat' dir='ltr'>qua</span> <span class='ocrx_word' id='word_1_41' title='bbox 306 927 459 1006; x_wconf 87' lang='lat' dir='ltr'>valemus,</span> <span class='ocrx_word' id='word_1_42' title='bbox 482 926 688 992; x_wconf 87' lang='lat' dir='ltr'>sollicitudine</span> <span class='ocrx_word' id='word_1_43' title='bbox 700 927 875 1010; x_wconf 88' lang='lat' dir='ltr'>prevenire,</span> <span class='ocrx_word' id='word_1_44' title='bbox 898 947 957 993; x_wconf 91' lang='lat' dir='ltr'>nos</span> <span class='ocrx_word' id='word_1_45' title='bbox 972 927 1211 993; x_wconf 84' lang='lat' dir='ltr'>considerantes</span> <span class='ocrx_word' id='word_1_46' title='bbox 1223 930 1255 991; x_wconf 91' lang='lat' dir='ltr'>et</span> <span class='ocrx_word' id='word_1_47' title='bbox 1266 930 1377 991; x_wconf 81' lang='lat' dir='ltr'>exacta</span> 
     </span>
     <span class='ocr_line' id='line_1_7' title="bbox 64 1031 1376 1117; baseline 0.004 -24"><span class='ocrx_word' id='word_1_48' title='bbox 64 1031 192 1116; x_wconf 80' lang='lat' dir='ltr'>diligentia</span> <span class='ocrx_word' id='word_1_49' title='bbox 213 1035 427 1114; x_wconf 84' lang='lat' dir='ltr'>attendentes,</span> <span class='ocrx_word' id='word_1_50' title='bbox 457 1034 545 1117; x_wconf 88' lang='lat' dir='ltr'>quod</span> <span class='ocrx_word' id='word_1_51' title='bbox 577 1053 746 1099; x_wconf 88' lang='lat' dir='ltr'>causarum</span> <span class='ocrx_word' id='word_1_52' title='bbox 777 1034 1059 1101; x_wconf 89' lang='lat' dir='ltr'>ecclesiasticarum</span> <span class='ocrx_word' id='word_1_53' title='bbox 1090 1036 1258 1100; x_wconf 87' lang='lat' dir='ltr'>varietates</span> <span class='ocrx_word' id='word_1_54' title='bbox 1285 1035 1376 1100; x_wconf 90' lang='lat' dir='ltr'>nobis</span> 
     </span>
     <span class='ocr_line' id='line_1_8' title="bbox 9 1142 1376 1228; baseline 0.007 -31"><span class='ocrx_word' id='word_1_55' title='bbox 9 1174 11 1197; x_wconf 64' lang='lat'>÷</span> <span class='ocrx_word' id='word_1_56' title='bbox 63 1155 89 1201; x_wconf 85' lang='lat' dir='ltr'>ac</span> <span class='ocrx_word' id='word_1_57' title='bbox 105 1143 205 1207; x_wconf 88' lang='lat' dir='ltr'>uostris</span> <span class='ocrx_word' id='word_1_58' title='bbox 227 1143 407 1208; x_wconf 90' lang='lat' dir='ltr'>concivibus</span> <span class='ocrx_word' id='word_1_59' title='bbox 430 1148 629 1228; x_wconf 75' lang='lat' dir='ltr'>emergentes</span> <span class='ocrx_word' id='word_1_60' title='bbox 650 1143 744 1209; x_wconf 89' lang='lat' dir='ltr'>nobis</span> <span class='ocrx_word' id='word_1_61' title='bbox 759 1143 947 1210; x_wconf 84' lang='lat' dir='ltr'>multociens</span> <span class='ocrx_word' id='word_1_62' title='bbox 965 1143 1206 1227; x_wconf 84' lang='lat' dir='ltr'>perplexitatem</span> <span class='ocrx_word' id='word_1_63' title='bbox 1228 1162 1267 1207; x_wconf 92' lang='lat' dir='ltr'>ac</span> <span class='ocrx_word' id='word_1_64' title='bbox 1289 1142 1376 1207; x_wconf 91' lang='lat' dir='ltr'>intri-</span> 
     </span>
     <span class='ocr_line' id='line_1_9' title="bbox 64 1249 1376 1336; baseline 0.003 -24"><span class='ocrx_word' id='word_1_65' title='bbox 64 1249 189 1316; x_wconf 88' lang='lat' dir='ltr'>cationem</span> <span class='ocrx_word' id='word_1_66' title='bbox 221 1251 385 1332; x_wconf 84' lang='lat' dir='ltr'>inducunt,</span> <span class='ocrx_word' id='word_1_67' title='bbox 418 1255 454 1317; x_wconf 93' lang='lat' dir='ltr'>ut</span> <span class='ocrx_word' id='word_1_68' title='bbox 485 1250 526 1316; x_wconf 88' lang='lat' dir='ltr'>de</span> <span class='ocrx_word' id='word_1_69' title='bbox 560 1253 663 1317; x_wconf 89' lang='lat' dir='ltr'>causis</span> <span class='ocrx_word' id='word_1_70' title='bbox 685 1250 867 1336; x_wconf 88' lang='lat' dir='ltr'>hujusmodi</span> <span class='ocrx_word' id='word_1_71' title='bbox 905 1269 977 1316; x_wconf 91' lang='lat' dir='ltr'>cum</span> <span class='ocrx_word' id='word_1_72' title='bbox 1012 1256 1179 1336; x_wconf 85' lang='lat' dir='ltr'>emergunt</span> <span class='ocrx_word' id='word_1_73' title='bbox 1213 1252 1376 1317; x_wconf 85' lang='lat' dir='ltr'>valeamus</span> 
     </span>
     <span class='ocr_line' id='line_1_10' title="bbox 63 1359 1377 1445; baseline 0.005 -26"><span class='ocrx_word' id='word_1_74' title='bbox 63 1362 194 1425; x_wconf 85' lang='lat' dir='ltr'>annuente</span> <span class='ocrx_word' id='word_1_75' title='bbox 215 1360 352 1427; x_wconf 90' lang='lat' dir='ltr'>Domino</span> <span class='ocrx_word' id='word_1_76' title='bbox 374 1361 573 1427; x_wconf 91' lang='lat' dir='ltr'>commodius</span> <span class='ocrx_word' id='word_1_77' title='bbox 595 1359 748 1445; x_wconf 86' lang='lat' dir='ltr'>expediri,</span> <span class='ocrx_word' id='word_1_78' title='bbox 776 1361 817 1427; x_wconf 89' lang='lat' dir='ltr'>de</span> <span class='ocrx_word' id='word_1_79' title='bbox 847 1359 990 1427; x_wconf 89' lang='lat' dir='ltr'>unanimi</span> <span class='ocrx_word' id='word_1_80' title='bbox 1011 1362 1154 1427; x_wconf 90' lang='lat' dir='ltr'>omnium</span> <span class='ocrx_word' id='word_1_81' title='bbox 1176 1366 1322 1427; x_wconf 90' lang='lat' dir='ltr'>nostrum</span> <span class='ocrx_word' id='word_1_82' title='bbox 1346 1365 1377 1426; x_wconf 91' lang='lat' dir='ltr'>et</span> 
     </span>
     <span class='ocr_line' id='line_1_11' title="bbox 64 1467 1374 1553; baseline 0.005 -25"><span class='ocrx_word' id='word_1_83' title='bbox 64 1467 207 1534; x_wconf 80' lang='lat' dir='ltr'>maurium</span> <span class='ocrx_word' id='word_1_84' title='bbox 237 1472 420 1536; x_wconf 89' lang='lat' dir='ltr'>nostrorum</span> <span class='ocrx_word' id='word_1_85' title='bbox 450 1471 580 1537; x_wconf 90' lang='lat' dir='ltr'>consilio</span> <span class='ocrx_word' id='word_1_86' title='bbox 611 1476 643 1536; x_wconf 89' lang='lat' dir='ltr'>et</span> <span class='ocrx_word' id='word_1_87' title='bbox 675 1490 808 1536; x_wconf 90' lang='lat' dir='ltr'>assensu</span> <span class='ocrx_word' id='word_1_88' title='bbox 836 1469 983 1536; x_wconf 90' lang='lat' dir='ltr'>dilectum</span> <span class='ocrx_word' id='word_1_89' title='bbox 1013 1475 1158 1535; x_wconf 91' lang='lat' dir='ltr'>nostrum</span> <span class='ocrx_word' id='word_1_90' title='bbox 1188 1471 1374 1553; x_wconf 87' lang='lat' dir='ltr'>magistrum</span> 
     </span>
     <span class='ocr_line' id='line_1_12' title="bbox 64 1572 1375 1664; baseline 0.005 -26"><span class='ocrx_word' id='word_1_91' title='bbox 64 1572 210 1643; x_wconf 81' lang='lat' dir='ltr'>iohannem</span> <span class='ocrx_word' id='word_1_92' title='bbox 245 1578 364 1645; x_wconf 91' lang='lat' dir='ltr'>dictum</span> <span class='ocrx_word' id='word_1_93' title='bbox 390 1580 431 1646; x_wconf 92' lang='lat' dir='ltr'>de</span> <span class='ocrx_word' id='word_1_94' title='bbox 460 1581 633 1664; x_wconf 82' lang='lat' dir='ltr'>Lyetene¹)</span> <span class='ocrx_word' id='word_1_95' title='bbox 674 1583 830 1646; x_wconf 90' lang='lat' dir='ltr'>rectorem</span> <span class='ocrx_word' id='word_1_96' title='bbox 864 1579 993 1644; x_wconf 85' lang='lat' dir='ltr'>ecclesie</span> <span class='ocrx_word' id='word_1_97' title='bbox 1023 1579 1055 1643; x_wconf 80' lang='lat' dir='ltr'>In</span> <span class='ocrx_word' id='word_1_98' title='bbox 1095 1579 1375 1664; x_wconf 85' lang='lat' dir='ltr'>Westercappeleu</span> 
     </span>
     <span class='ocr_line' id='line_1_13' title="bbox 65 1681 1376 1772; baseline -0.002 -19"><span class='ocrx_word' id='word_1_99' title='bbox 65 1681 183 1766; x_wconf 69' lang='lat' dir='ltr'>elegimus</span> <span class='ocrx_word' id='word_1_100' title='bbox 212 1691 244 1754; x_wconf 91' lang='lat' dir='ltr'>et</span> <span class='ocrx_word' id='word_1_101' title='bbox 275 1688 507 1772; x_wconf 88' lang='lat' dir='ltr'>assumpsimus</span> <span class='ocrx_word' id='word_1_102' title='bbox 540 1689 572 1753; x_wconf 94' lang='lat' dir='ltr'>in</span> <span class='ocrx_word' id='word_1_103' title='bbox 601 1693 710 1753; x_wconf 91' lang='lat' dir='ltr'>nostre</span> <span class='ocrx_word' id='word_1_104' title='bbox 739 1687 950 1753; x_wconf 90' lang='lat' dir='ltr'>universitatis</span> <span class='ocrx_word' id='word_1_105' title='bbox 978 1685 1125 1752; x_wconf 90' lang='lat' dir='ltr'>clericum</span> <span class='ocrx_word' id='word_1_106' title='bbox 1147 1707 1185 1753; x_wconf 86' lang='lat' dir='ltr'>ac</span> <span class='ocrx_word' id='word_1_107' title='bbox 1206 1687 1376 1771; x_wconf 84' lang='lat' dir='ltr'>specialem</span> 
     </span>
     <span class='ocr_line' id='line_1_14' title="bbox 64 1793 1376 1863; baseline 0.004 -8"><span class='ocrx_word' id='word_1_108' title='bbox 64 1793 168 1860; x_wconf 85' lang='lat' dir='ltr'>amicum</span> <span class='ocrx_word' id='word_1_109' title='bbox 189 1797 231 1862; x_wconf 88' lang='lat' dir='ltr'>ad</span> <span class='ocrx_word' id='word_1_110' title='bbox 253 1797 483 1863; x_wconf 89' lang='lat' dir='ltr'>elaborandum</span> <span class='ocrx_word' id='word_1_111' title='bbox 505 1801 537 1863; x_wconf 89' lang='lat' dir='ltr'>et</span> <span class='ocrx_word' id='word_1_112' title='bbox 548 1799 751 1863; x_wconf 89' lang='lat' dir='ltr'>tractandum</span> <span class='ocrx_word' id='word_1_113' title='bbox 773 1797 941 1862; x_wconf 91' lang='lat' dir='ltr'>nobiscum</span> <span class='ocrx_word' id='word_1_114' title='bbox 964 1815 1077 1861; x_wconf 85' lang='lat' dir='ltr'>causas</span> <span class='ocrx_word' id='word_1_115' title='bbox 1100 1801 1226 1861; x_wconf 88' lang='lat' dir='ltr'>nostras</span> <span class='ocrx_word' id='word_1_116' title='bbox 1249 1796 1376 1861; x_wconf 91' lang='lat' dir='ltr'>ecclesi-</span> 
     </span>
     <span class='ocr_line' id='line_1_15' title="bbox 64 1902 1377 1989; baseline 0.007 -29"><span class='ocrx_word' id='word_1_117' title='bbox 64 1902 157 1985; x_wconf 84' lang='lat' dir='ltr'>asticas,</span> <span class='ocrx_word' id='word_1_118' title='bbox 183 1925 262 1989; x_wconf 87' lang='lat' dir='ltr'>quas</span> <span class='ocrx_word' id='word_1_119' title='bbox 285 1907 505 1973; x_wconf 89' lang='lat' dir='ltr'>communitati</span> <span class='ocrx_word' id='word_1_120' title='bbox 528 1909 636 1971; x_wconf 89' lang='lat' dir='ltr'>nostre</span> <span class='ocrx_word' id='word_1_121' title='bbox 658 1926 716 1989; x_wconf 91' lang='lat' dir='ltr'>pro</span> <span class='ocrx_word' id='word_1_122' title='bbox 738 1910 884 1989; x_wconf 89' lang='lat' dir='ltr'>tempore</span> <span class='ocrx_word' id='word_1_123' title='bbox 906 1905 1071 1988; x_wconf 84' lang='lat' dir='ltr'>contigerit</span> <span class='ocrx_word' id='word_1_124' title='bbox 1092 1904 1258 1969; x_wconf 90' lang='lat' dir='ltr'>imminere</span> <span class='ocrx_word' id='word_1_125' title='bbox 1281 1908 1313 1969; x_wconf 92' lang='lat' dir='ltr'>et</span> <span class='ocrx_word' id='word_1_126' title='bbox 1334 1905 1377 1969; x_wconf 90' lang='lat' dir='ltr'>ad</span> 
     </span>
     <span class='ocr_line' id='line_1_16' title="bbox 64 2012 1377 2099; baseline 0.008 -31"><span class='ocrx_word' id='word_1_127' title='bbox 64 2014 238 2084; x_wconf 86' lang='lat' dir='ltr'>prestandum</span> <span class='ocrx_word' id='word_1_128' title='bbox 259 2012 354 2080; x_wconf 87' lang='lat' dir='ltr'>fidele</span> <span class='ocrx_word' id='word_1_129' title='bbox 376 2015 540 2079; x_wconf 89' lang='lat' dir='ltr'>consilium</span> <span class='ocrx_word' id='word_1_130' title='bbox 569 2016 600 2080; x_wconf 91' lang='lat' dir='ltr'>in</span> <span class='ocrx_word' id='word_1_131' title='bbox 624 2015 753 2095; x_wconf 85' lang='lat' dir='ltr'>eisdem,</span> <span class='ocrx_word' id='word_1_132' title='bbox 786 2018 882 2099; x_wconf 89' lang='lat' dir='ltr'>prout</span> <span class='ocrx_word' id='word_1_133' title='bbox 904 2013 1017 2079; x_wconf 85' lang='lat' dir='ltr'>melius</span> <span class='ocrx_word' id='word_1_134' title='bbox 1036 2013 1152 2097; x_wconf 90' lang='lat' dir='ltr'>poterit</span> <span class='ocrx_word' id='word_1_135' title='bbox 1173 2014 1205 2078; x_wconf 91' lang='lat' dir='ltr'>in</span> <span class='ocrx_word' id='word_1_136' title='bbox 1228 2013 1377 2097; x_wconf 88' lang='lat' dir='ltr'>expensis</span> 
     </span>
     <span class='ocr_line' id='line_1_17' title="bbox 64 2121 1376 2208; baseline 0.002 -24"><span class='ocrx_word' id='word_1_137' title='bbox 64 2121 200 2188; x_wconf 78' lang='lat' dir='ltr'>nostriset</span> <span class='ocrx_word' id='word_1_138' title='bbox 222 2123 417 2190; x_wconf 88' lang='lat' dir='ltr'>universitati</span> <span class='ocrx_word' id='word_1_139' title='bbox 439 2128 548 2189; x_wconf 88' lang='lat' dir='ltr'>nostre</span> <span class='ocrx_word' id='word_1_140' title='bbox 576 2125 699 2189; x_wconf 88' lang='lat' dir='ltr'>noverit</span> <span class='ocrx_word' id='word_1_141' title='bbox 722 2123 883 2208; x_wconf 85' lang='lat' dir='ltr'>expedire.</span> <span class='ocrx_word' id='word_1_142' title='bbox 927 2123 989 2188; x_wconf 90' lang='lat' dir='ltr'>Pro</span> <span class='ocrx_word' id='word_1_143' title='bbox 1013 2141 1078 2206; x_wconf 92' lang='lat' dir='ltr'>quo</span> <span class='ocrx_word' id='word_1_144' title='bbox 1100 2121 1228 2187; x_wconf 89' lang='lat' dir='ltr'>consilio</span> <span class='ocrx_word' id='word_1_145' title='bbox 1255 2125 1286 2186; x_wconf 89' lang='lat' dir='ltr'>et</span> <span class='ocrx_word' id='word_1_146' title='bbox 1309 2142 1376 2187; x_wconf 88' lang='lat' dir='ltr'>ser-</span> 
     </span>
     <span class='ocr_line' id='line_1_18' title="bbox 65 2220 1376 2309; baseline 0.003 -19"><span class='ocrx_word' id='word_1_147' title='bbox 65 2220 120 2290; x_wconf 73' lang='lat' dir='ltr'>vicio</span> <span class='ocrx_word' id='word_1_148' title='bbox 137 2231 223 2296; x_wconf 92' lang='lat' dir='ltr'>nobis</span> <span class='ocrx_word' id='word_1_149' title='bbox 245 2236 277 2298; x_wconf 89' lang='lat' dir='ltr'>et</span> <span class='ocrx_word' id='word_1_150' title='bbox 299 2233 532 2298; x_wconf 88' lang='lat' dir='ltr'>successoribus</span> <span class='ocrx_word' id='word_1_151' title='bbox 559 2234 673 2298; x_wconf 90' lang='lat' dir='ltr'>nostris</span> <span class='ocrx_word' id='word_1_152' title='bbox 702 2234 800 2298; x_wconf 90' lang='lat' dir='ltr'>immo</span> <span class='ocrx_word' id='word_1_153' title='bbox 831 2231 1026 2298; x_wconf 89' lang='lat' dir='ltr'>universitati</span> <span class='ocrx_word' id='word_1_154' title='bbox 1056 2234 1174 2309; x_wconf 90' lang='lat' dir='ltr'>nostre,</span> <span class='ocrx_word' id='word_1_155' title='bbox 1206 2235 1239 2296; x_wconf 92' lang='lat' dir='ltr'>ut</span> <span class='ocrx_word' id='word_1_156' title='bbox 1272 2231 1376 2296; x_wconf 83' lang='lat' dir='ltr'>verius</span> 
     </span>
     <span class='ocr_line' id='line_1_19' title="bbox 64 2328 1377 2422; baseline 0.003 -23"><span class='ocrx_word' id='word_1_157' title='bbox 64 2328 163 2418; x_wconf 78' lang='lat' dir='ltr'>dicatur,</span> <span class='ocrx_word' id='word_1_158' title='bbox 193 2341 328 2406; x_wconf 86' lang='lat' dir='ltr'>fideliter</span> <span class='ocrx_word' id='word_1_159' title='bbox 349 2340 565 2422; x_wconf 83' lang='lat' dir='ltr'>impendendo</span> <span class='ocrx_word' id='word_1_160' title='bbox 595 2342 635 2406; x_wconf 91' lang='lat' dir='ltr'>de</span> <span class='ocrx_word' id='word_1_161' title='bbox 666 2339 814 2405; x_wconf 89' lang='lat' dir='ltr'>concordi</span> <span class='ocrx_word' id='word_1_162' title='bbox 846 2344 877 2404; x_wconf 92' lang='lat' dir='ltr'>et</span> <span class='ocrx_word' id='word_1_163' title='bbox 903 2339 1045 2404; x_wconf 88' lang='lat' dir='ltr'>unanimi</span> <span class='ocrx_word' id='word_1_164' title='bbox 1067 2339 1209 2404; x_wconf 90' lang='lat' dir='ltr'>omnium</span> <span class='ocrx_word' id='word_1_165' title='bbox 1233 2343 1377 2404; x_wconf 89' lang='lat' dir='ltr'>nostrum</span> 
     </span>
     <span class='ocr_line' id='line_1_20' title="bbox 66 2441 1378 2532; baseline 0.002 -24"><span class='ocrx_word' id='word_1_166' title='bbox 66 2441 88 2500; x_wconf 69' lang='lat' dir='ltr'>el</span> <span class='ocrx_word' id='word_1_167' title='bbox 104 2447 264 2513; x_wconf 83' lang='lat' dir='ltr'>mucivium</span> <span class='ocrx_word' id='word_1_168' title='bbox 287 2453 468 2514; x_wconf 90' lang='lat' dir='ltr'>nostrorum</span> <span class='ocrx_word' id='word_1_169' title='bbox 497 2468 631 2515; x_wconf 91' lang='lat' dir='ltr'>assensu</span> <span class='ocrx_word' id='word_1_170' title='bbox 663 2450 787 2532; x_wconf 86' lang='lat' dir='ltr'>prelato</span> <span class='ocrx_word' id='word_1_171' title='bbox 817 2448 969 2530; x_wconf 90' lang='lat' dir='ltr'>magistro</span> <span class='ocrx_word' id='word_1_172' title='bbox 997 2448 1110 2512; x_wconf 83' lang='lat' dir='ltr'>clerico</span> <span class='ocrx_word' id='word_1_173' title='bbox 1138 2451 1245 2512; x_wconf 90' lang='lat' dir='ltr'>nostro</span> <span class='ocrx_word' id='word_1_174' title='bbox 1279 2448 1378 2530; x_wconf 87' lang='lat' dir='ltr'>assig-</span> 
     </span>
     <span class='ocr_line' id='line_1_21' title="bbox 64 2551 1376 2641; baseline 0.01 -34"><span class='ocrx_word' id='word_1_175' title='bbox 64 2551 179 2620; x_wconf 86' lang='lat' dir='ltr'>navimus</span> <span class='ocrx_word' id='word_1_176' title='bbox 201 2559 233 2622; x_wconf 90' lang='lat' dir='ltr'>et</span> <span class='ocrx_word' id='word_1_177' title='bbox 254 2557 456 2640; x_wconf 77' lang='lat' dir='ltr'>assignamus</span> <span class='ocrx_word' id='word_1_178' title='bbox 475 2562 612 2641; x_wconf 89' lang='lat' dir='ltr'>quatuor</span> <span class='ocrx_word' id='word_1_179' title='bbox 625 2575 805 2623; x_wconf 89' lang='lat' dir='ltr'>marcarum</span> <span class='ocrx_word' id='word_1_180' title='bbox 823 2559 952 2621; x_wconf 89' lang='lat' dir='ltr'>monete</span> <span class='ocrx_word' id='word_1_181' title='bbox 975 2555 1230 2638; x_wconf 86' lang='lat' dir='ltr'>Osnaburgensis</span> <span class='ocrx_word' id='word_1_182' title='bbox 1252 2576 1376 2621; x_wconf 91' lang='lat' dir='ltr'>annuos</span> 
     </span>
     <span class='ocr_line' id='line_1_22' title="bbox 62 2657 1376 2750; baseline 0.005 -27"><span class='ocrx_word' id='word_1_183' title='bbox 62 2657 173 2728; x_wconf 77' lang='lat' dir='ltr'>redditus</span> <span class='ocrx_word' id='word_1_184' title='bbox 203 2665 263 2750; x_wconf 91' lang='lat' dir='ltr'>ipsi</span> <span class='ocrx_word' id='word_1_185' title='bbox 295 2668 449 2749; x_wconf 87' lang='lat' dir='ltr'>magistro</span> <span class='ocrx_word' id='word_1_186' title='bbox 478 2667 614 2733; x_wconf 86' lang='lat' dir='ltr'>iohanni</span> <span class='ocrx_word' id='word_1_187' title='bbox 643 2667 693 2732; x_wconf 91' lang='lat' dir='ltr'>vel</span> <span class='ocrx_word' id='word_1_188' title='bbox 725 2669 792 2750; x_wconf 88' lang='lat' dir='ltr'>ejus</span> <span class='ocrx_word' id='word_1_189' title='bbox 823 2669 909 2731; x_wconf 89' lang='lat' dir='ltr'>certo</span> <span class='ocrx_word' id='word_1_190' title='bbox 937 2663 1053 2729; x_wconf 92' lang='lat' dir='ltr'>nuncio</span> <span class='ocrx_word' id='word_1_191' title='bbox 1073 2682 1181 2729; x_wconf 90' lang='lat' dir='ltr'>secum</span> <span class='ocrx_word' id='word_1_192' title='bbox 1211 2668 1376 2747; x_wconf 89' lang='lat' dir='ltr'>presentes</span> 
     </span>
     <span class='ocr_line' id='line_1_23' title="bbox 64 2759 1373 2858; baseline 0.009 -33"><span class='ocrx_word' id='word_1_193' title='bbox 64 2759 156 2838; x_wconf 88' lang='lat' dir='ltr'>litteras</span> <span class='ocrx_word' id='word_1_194' title='bbox 178 2775 332 2841; x_wconf 85' lang='lat' dir='ltr'>deferenti</span> <span class='ocrx_word' id='word_1_195' title='bbox 362 2776 491 2856; x_wconf 88' lang='lat' dir='ltr'>singulis</span> <span class='ocrx_word' id='word_1_196' title='bbox 524 2777 625 2855; x_wconf 91' lang='lat' dir='ltr'>annis,</span> <span class='ocrx_word' id='word_1_197' title='bbox 659 2775 811 2858; x_wconf 89' lang='lat' dir='ltr'>quamdiu</span> <span class='ocrx_word' id='word_1_198' title='bbox 843 2773 953 2838; x_wconf 85' lang='lat' dir='ltr'>vixerit</span> <span class='ocrx_word' id='word_1_199' title='bbox 982 2774 1013 2836; x_wconf 91' lang='lat' dir='ltr'>in</span> <span class='ocrx_word' id='word_1_200' title='bbox 1043 2771 1155 2838; x_wconf 90' lang='lat' dir='ltr'>habitu</span> <span class='ocrx_word' id='word_1_201' title='bbox 1177 2772 1321 2852; x_wconf 91' lang='lat' dir='ltr'>seculari,</span> <span class='ocrx_word' id='word_1_202' title='bbox 1344 2773 1373 2837; x_wconf 92' lang='lat' dir='ltr'>in</span> 
     </span>
     <span class='ocr_line' id='line_1_24' title="bbox 62 2869 1375 2966; baseline 0.009 -32"><span class='ocrx_word' id='word_1_203' title='bbox 62 2869 159 2946; x_wconf 87' lang='lat' dir='ltr'>duobus</span> <span class='ocrx_word' id='word_1_204' title='bbox 179 2885 323 2948; x_wconf 90' lang='lat' dir='ltr'>terminis</span> <span class='ocrx_word' id='word_1_205' title='bbox 355 2885 448 2949; x_wconf 89' lang='lat' dir='ltr'>certis</span> <span class='ocrx_word' id='word_1_206' title='bbox 480 2887 511 2948; x_wconf 90' lang='lat' dir='ltr'>et</span> <span class='ocrx_word' id='word_1_207' title='bbox 532 2884 699 2966; x_wconf 84' lang='lat' dir='ltr'>expressis,</span> <span class='ocrx_word' id='word_1_208' title='bbox 732 2881 877 2947; x_wconf 89' lang='lat' dir='ltr'>videlicet</span> <span class='ocrx_word' id='word_1_209' title='bbox 906 2882 937 2945; x_wconf 88' lang='lat' dir='ltr'>in</span> <span class='ocrx_word' id='word_1_210' title='bbox 966 2880 1055 2945; x_wconf 84' lang='lat' dir='ltr'>lestis</span> <span class='ocrx_word' id='word_1_211' title='bbox 1084 2880 1205 2946; x_wconf 79' lang='lat' dir='ltr'>Pascha</span> <span class='ocrx_word' id='word_1_212' title='bbox 1238 2885 1270 2946; x_wconf 89' lang='lat' dir='ltr'>et</span> <span class='ocrx_word' id='word_1_213' title='bbox 1290 2881 1375 2946; x_wconf 90' lang='lat' dir='ltr'>beati</span> 
     </span>
     <span class='ocr_line' id='line_1_25' title="bbox 61 2974 1376 3073; baseline -0.001 -19"><span class='ocrx_word' id='word_1_214' title='bbox 61 2974 200 3064; x_wconf 68' lang='lat' dir='ltr'>Michaelis</span> <span class='ocrx_word' id='word_1_215' title='bbox 221 3010 241 3057; x_wconf 91' lang='lat' dir='ltr'>a</span> <span class='ocrx_word' id='word_1_216' title='bbox 263 2992 355 3058; x_wconf 90' lang='lat' dir='ltr'>nobis</span> <span class='ocrx_word' id='word_1_217' title='bbox 378 2997 410 3058; x_wconf 90' lang='lat' dir='ltr'>et</span> <span class='ocrx_word' id='word_1_218' title='bbox 431 2993 667 3059; x_wconf 87' lang='lat' dir='ltr'>successoribus</span> <span class='ocrx_word' id='word_1_219' title='bbox 688 2992 804 3057; x_wconf 89' lang='lat' dir='ltr'>uostris</span> <span class='ocrx_word' id='word_1_220' title='bbox 836 2992 904 3056; x_wconf 91' lang='lat' dir='ltr'>sine</span> <span class='ocrx_word' id='word_1_221' title='bbox 932 2989 1115 3055; x_wconf 84' lang='lat' dir='ltr'>difficultate</span> <span class='ocrx_word' id='word_1_222' title='bbox 1139 2989 1280 3072; x_wconf 90' lang='lat' dir='ltr'>qualibet</span> <span class='ocrx_word' id='word_1_223' title='bbox 1302 2978 1376 3073; x_wconf 78' lang='lat' dir='ltr'>per&#39;·</span> 
     </span>
     <span class='ocr_line' id='line_1_26' title="bbox 61 3091 1374 3180; baseline 0.007 -26"><span class='ocrx_word' id='word_1_224' title='bbox 61 3091 199 3180; x_wconf 81' lang='lat' dir='ltr'>solvendis,</span> <span class='ocrx_word' id='word_1_225' title='bbox 229 3120 327 3166; x_wconf 90' lang='lat' dir='ltr'>omne</span> <span class='ocrx_word' id='word_1_226' title='bbox 362 3101 536 3167; x_wconf 91' lang='lat' dir='ltr'>subsidium</span> <span class='ocrx_word' id='word_1_227' title='bbox 571 3101 651 3166; x_wconf 90' lang='lat' dir='ltr'>sicut</span> <span class='ocrx_word' id='word_1_228' title='bbox 681 3099 736 3164; x_wconf 91' lang='lat' dir='ltr'>uni</span> <span class='ocrx_word' id='word_1_229' title='bbox 757 3119 796 3164; x_wconf 85' lang='lat' dir='ltr'>ex</span> <span class='ocrx_word' id='word_1_230' title='bbox 818 3099 910 3164; x_wconf 88' lang='lat' dir='ltr'>uobis</span> <span class='ocrx_word' id='word_1_231' title='bbox 933 3099 1036 3163; x_wconf 86' lang='lat' dir='ltr'>cidem</span> <span class='ocrx_word' id='word_1_232' title='bbox 1063 3098 1285 3163; x_wconf 90' lang='lat' dir='ltr'>nichilominus</span> <span class='ocrx_word' id='word_1_233' title='bbox 1315 3100 1374 3163; x_wconf 90' lang='lat' dir='ltr'>im·</span> 
     </span>
     <span class='ocr_line' id='line_1_27' title="bbox 62 3206 1374 3293; baseline -0.003 -17"><span class='ocrx_word' id='word_1_234' title='bbox 62 3214 175 3288; x_wconf 63' lang='lat' dir='ltr'>uiuum,</span> <span class='ocrx_word' id='word_1_235' title='bbox 211 3210 237 3274; x_wconf 92' lang='lat' dir='ltr'>si</span> <span class='ocrx_word' id='word_1_236' title='bbox 260 3210 364 3292; x_wconf 90' lang='lat' dir='ltr'>ipsum</span> <span class='ocrx_word' id='word_1_237' title='bbox 386 3229 406 3274; x_wconf 87' lang='lat' dir='ltr'>a</span> <span class='ocrx_word' id='word_1_238' title='bbox 429 3228 592 3293; x_wconf 91' lang='lat' dir='ltr'>quoquam</span> <span class='ocrx_word' id='word_1_239' title='bbox 621 3209 733 3274; x_wconf 88' lang='lat' dir='ltr'>clerico</span> <span class='ocrx_word' id='word_1_240' title='bbox 754 3209 804 3273; x_wconf 89' lang='lat' dir='ltr'>vel</span> <span class='ocrx_word' id='word_1_241' title='bbox 826 3207 925 3292; x_wconf 90' lang='lat' dir='ltr'>layco,</span> <span class='ocrx_word' id='word_1_242' title='bbox 960 3208 1046 3291; x_wconf 91' lang='lat' dir='ltr'>quod</span> <span class='ocrx_word' id='word_1_243' title='bbox 1068 3206 1160 3286; x_wconf 90' lang='lat' dir='ltr'>absit,</span> <span class='ocrx_word' id='word_1_244' title='bbox 1189 3207 1303 3290; x_wconf 87' lang='lat' dir='ltr'>injuste</span> <span class='ocrx_word' id='word_1_245' title='bbox 1324 3207 1374 3272; x_wconf 92' lang='lat' dir='ltr'>vel</span> 
     </span>
     <span class='ocr_line' id='line_1_28' title="bbox 61 3301 1375 3400; baseline 0.004 -25"><span class='ocrx_word' id='word_1_246' title='bbox 61 3301 169 3381; x_wconf 76' lang='lat' dir='ltr'>ildebite</span> <span class='ocrx_word' id='word_1_247' title='bbox 190 3317 361 3397; x_wconf 89' lang='lat' dir='ltr'>molestari,</span> <span class='ocrx_word' id='word_1_248' title='bbox 393 3319 419 3382; x_wconf 95' lang='lat' dir='ltr'>si</span> <span class='ocrx_word' id='word_1_249' title='bbox 453 3335 550 3400; x_wconf 89' lang='lat' dir='ltr'>super</span> <span class='ocrx_word' id='word_1_250' title='bbox 570 3317 631 3384; x_wconf 89' lang='lat' dir='ltr'>hoc</span> <span class='ocrx_word' id='word_1_251' title='bbox 652 3338 692 3382; x_wconf 86' lang='lat' dir='ltr'>ex</span> <span class='ocrx_word' id='word_1_252' title='bbox 713 3320 804 3400; x_wconf 89' lang='lat' dir='ltr'>parte</span> <span class='ocrx_word' id='word_1_253' title='bbox 827 3315 924 3398; x_wconf 92' lang='lat' dir='ltr'>ipsius</span> <span class='ocrx_word' id='word_1_254' title='bbox 946 3314 1098 3379; x_wconf 84' lang='lat' dir='ltr'>fuerimus</span> <span class='ocrx_word' id='word_1_255' title='bbox 1120 3314 1269 3397; x_wconf 89' lang='lat' dir='ltr'>requisiti.</span> <span class='ocrx_word' id='word_1_256' title='bbox 1304 3314 1375 3392; x_wconf 89' lang='lat' dir='ltr'>Que</span> 
     </span>
     <span class='ocr_line' id='line_1_29' title="bbox 61 3423 1376 3509; baseline 0.001 -23"><span class='ocrx_word' id='word_1_257' title='bbox 61 3423 140 3490; x_wconf 77' lang='lat' dir='ltr'>omna</span> <span class='ocrx_word' id='word_1_258' title='bbox 160 3431 190 3491; x_wconf 89' lang='lat' dir='ltr'>et</span> <span class='ocrx_word' id='word_1_259' title='bbox 212 3426 336 3509; x_wconf 86' lang='lat' dir='ltr'>singula</span> <span class='ocrx_word' id='word_1_260' title='bbox 358 3427 575 3493; x_wconf 88' lang='lat' dir='ltr'>inviolabiliter</span> <span class='ocrx_word' id='word_1_261' title='bbox 600 3426 772 3492; x_wconf 88' lang='lat' dir='ltr'>observare</span> <span class='ocrx_word' id='word_1_262' title='bbox 802 3428 833 3488; x_wconf 91' lang='lat' dir='ltr'>et</span> <span class='ocrx_word' id='word_1_263' title='bbox 855 3424 936 3488; x_wconf 92' lang='lat' dir='ltr'>sicut</span> <span class='ocrx_word' id='word_1_264' title='bbox 958 3424 1103 3505; x_wconf 84' lang='lat' dir='ltr'>superins</span> <span class='ocrx_word' id='word_1_265' title='bbox 1126 3425 1201 3487; x_wconf 86' lang='lat' dir='ltr'>suut</span> <span class='ocrx_word' id='word_1_266' title='bbox 1223 3441 1376 3506; x_wconf 85' lang='lat' dir='ltr'>expressa</span> 
     </span>
     <span class='ocr_line' id='line_1_30' title="bbox 11 3517 1375 3618; baseline 0.003 -26"><span class='ocrx_word' id='word_1_267' title='bbox 11 3520 13 3525; x_wconf 72' lang='grc'><strong>’</strong></span> <span class='ocrx_word' id='word_1_268' title='bbox 61 3517 163 3598; x_wconf 74' lang='lat' dir='ltr'>liniter</span> <span class='ocrx_word' id='word_1_269' title='bbox 181 3534 356 3618; x_wconf 86' lang='lat' dir='ltr'>adimplere</span> <span class='ocrx_word' id='word_1_270' title='bbox 378 3553 438 3599; x_wconf 92' lang='lat' dir='ltr'>uos</span> <span class='ocrx_word' id='word_1_271' title='bbox 460 3554 573 3601; x_wconf 90' lang='lat' dir='ltr'>omnes</span> <span class='ocrx_word' id='word_1_272' title='bbox 595 3538 627 3599; x_wconf 92' lang='lat' dir='ltr'>et</span> <span class='ocrx_word' id='word_1_273' title='bbox 637 3533 760 3615; x_wconf 87' lang='lat' dir='ltr'>singuli,</span> <span class='ocrx_word' id='word_1_274' title='bbox 783 3551 918 3615; x_wconf 87' lang='lat' dir='ltr'>quorum</span> <span class='ocrx_word' id='word_1_275' title='bbox 933 3531 1074 3611; x_wconf 89' lang='lat' dir='ltr'>interest,</span> <span class='ocrx_word' id='word_1_276' title='bbox 1096 3530 1266 3614; x_wconf 91' lang='lat' dir='ltr'>supradicti</span> <span class='ocrx_word' id='word_1_277' title='bbox 1289 3531 1375 3596; x_wconf 86' lang='lat' dir='ltr'>bona</span> 
     </span>
     <span class='ocr_line' id='line_1_31' title="bbox 62 3625 1375 3724; baseline -0.002 -18"><span class='ocrx_word' id='word_1_278' title='bbox 62 3625 105 3698; x_wconf 73' lang='lat' dir='ltr'>lde</span> <span class='ocrx_word' id='word_1_279' title='bbox 129 3643 338 3724; x_wconf 87' lang='lat' dir='ltr'>promittimus</span> <span class='ocrx_word' id='word_1_280' title='bbox 372 3646 404 3707; x_wconf 88' lang='lat' dir='ltr'>ct</span> <span class='ocrx_word' id='word_1_281' title='bbox 436 3645 478 3708; x_wconf 92' lang='lat' dir='ltr'>ad</span> <span class='ocrx_word' id='word_1_282' title='bbox 521 3644 635 3709; x_wconf 85' lang='lat' dir='ltr'>eadem</span> <span class='ocrx_word' id='word_1_283' title='bbox 676 3640 877 3707; x_wconf 89' lang='lat' dir='ltr'>observanda</span> <span class='ocrx_word' id='word_1_284' title='bbox 910 3643 942 3704; x_wconf 91' lang='lat' dir='ltr'>et</span> <span class='ocrx_word' id='word_1_285' title='bbox 974 3639 1179 3723; x_wconf 89' lang='lat' dir='ltr'>adimplenda</span> <span class='ocrx_word' id='word_1_286' title='bbox 1210 3643 1375 3723; x_wconf 91' lang='lat' dir='ltr'>presentes</span> 
     </span>
     <span class='ocr_line' id='line_1_32' title="bbox 62 3733 1374 3833; baseline 0.012 -37"><span class='ocrx_word' id='word_1_287' title='bbox 62 3733 153 3814; x_wconf 87' lang='lat' dir='ltr'>litteras</span> <span class='ocrx_word' id='word_1_288' title='bbox 171 3751 271 3833; x_wconf 88' lang='lat' dir='ltr'>sigillo</span> <span class='ocrx_word' id='word_1_289' title='bbox 293 3750 424 3816; x_wconf 89' lang='lat' dir='ltr'>civitatis</span> <span class='ocrx_word' id='word_1_290' title='bbox 446 3752 511 3817; x_wconf 88' lang='lat' dir='ltr'>sive</span> <span class='ocrx_word' id='word_1_291' title='bbox 534 3751 767 3818; x_wconf 90' lang='lat' dir='ltr'>communitatis</span> <span class='ocrx_word' id='word_1_292' title='bbox 785 3748 1040 3832; x_wconf 88' lang='lat' dir='ltr'>Osnaburgensis</span> <span class='ocrx_word' id='word_1_293' title='bbox 1062 3748 1128 3813; x_wconf 91' lang='lat' dir='ltr'>sive</span> <span class='ocrx_word' id='word_1_294' title='bbox 1143 3748 1257 3813; x_wconf 88' lang='lat' dir='ltr'>civium</span> <span class='ocrx_word' id='word_1_295' title='bbox 1270 3747 1374 3813; x_wconf 89' lang='lat' dir='ltr'>Osna-</span> 
     </span>
     <span class='ocr_line' id='line_1_33' title="bbox 63 3841 1373 3942; baseline 0.001 -22"><span class='ocrx_word' id='word_1_296' title='bbox 63 3841 235 3934; x_wconf 77' lang='lat' dir='ltr'>burgensium</span> <span class='ocrx_word' id='word_1_297' title='bbox 263 3859 411 3940; x_wconf 84' lang='lat' dir='ltr'>sigillatas</span> <span class='ocrx_word' id='word_1_298' title='bbox 440 3859 590 3942; x_wconf 86' lang='lat' dir='ltr'>magistro</span> <span class='ocrx_word' id='word_1_299' title='bbox 623 3859 759 3926; x_wconf 86' lang='lat' dir='ltr'>Johanni</span> <span class='ocrx_word' id='word_1_300' title='bbox 790 3858 933 3941; x_wconf 91' lang='lat' dir='ltr'>predicto</span> <span class='ocrx_word' id='word_1_301' title='bbox 966 3857 1114 3922; x_wconf 82' lang='lat' dir='ltr'>duximus</span> <span class='ocrx_word' id='word_1_302' title='bbox 1141 3856 1373 3922; x_wconf 90' lang='lat' dir='ltr'>concedendas.</span> 
     </span>
     <span class='ocr_line' id='line_1_34' title="bbox 12 3947 1374 4053; baseline 0.001 -26"><span class='ocrx_word' id='word_1_303' title='bbox 12 4002 14 4027; x_wconf 66' lang='lat'>2</span> <span class='ocrx_word' id='word_1_304' title='bbox 62 3947 89 4017; x_wconf 72' lang='grc' dir='ltr'>ΕΙ</span> <span class='ocrx_word' id='word_1_305' title='bbox 103 3980 152 4046; x_wconf 80' lang='lat' dir='ltr'>ego</span> <span class='ocrx_word' id='word_1_306' title='bbox 177 3967 328 4049; x_wconf 90' lang='lat' dir='ltr'>magister</span> <span class='ocrx_word' id='word_1_307' title='bbox 352 3966 515 4034; x_wconf 78' lang='lat' dir='ltr'>lohannes</span> <span class='ocrx_word' id='word_1_308' title='bbox 547 3970 688 4053; x_wconf 86' lang='lat' dir='ltr'>prefatus</span> <span class='ocrx_word' id='word_1_309' title='bbox 715 3969 756 4034; x_wconf 88' lang='lat' dir='ltr'>ad</span> <span class='ocrx_word' id='word_1_310' title='bbox 778 3967 935 4051; x_wconf 84' lang='lat' dir='ltr'>premissa</span> <span class='ocrx_word' id='word_1_311' title='bbox 967 4015 974 4029; x_wconf 93' lang='lat'>.</span> <span class='ocrx_word' id='word_1_312' title='bbox 1007 4013 1015 4028; x_wconf 90' lang='lat'><strong>.</strong></span> <span class='ocrx_word' id='word_1_313' title='bbox 1047 3963 1183 4029; x_wconf 90' lang='lat' dir='ltr'>scabinis</span> <span class='ocrx_word' id='word_1_314' title='bbox 1209 3964 1275 4028; x_wconf 92' lang='lat' dir='ltr'>sive</span> <span class='ocrx_word' id='word_1_315' title='bbox 1297 3982 1374 4030; x_wconf 90' lang='lat' dir='ltr'>con·</span> 
     </span>
     <span class='ocr_line' id='line_1_35' title="bbox 12 4064 1374 4160; baseline 0.008 -36"><span class='ocrx_word' id='word_1_316' title='bbox 12 4064 14 4068; x_wconf 83' lang='lat'>&#39;</span> <span class='ocrx_word' id='word_1_317' title='bbox 64 4064 153 4139; x_wconf 82' lang='lat' dir='ltr'>sulibus</span> <span class='ocrx_word' id='word_1_318' title='bbox 173 4080 204 4142; x_wconf 85' lang='lat' dir='ltr'>et</span> <span class='ocrx_word' id='word_1_319' title='bbox 225 4078 420 4143; x_wconf 89' lang='lat' dir='ltr'>universitati</span> <span class='ocrx_word' id='word_1_320' title='bbox 442 4078 681 4160; x_wconf 80' lang='lat' dir='ltr'>osnaburgensi</span> <span class='ocrx_word' id='word_1_321' title='bbox 702 4096 740 4142; x_wconf 93' lang='lat' dir='ltr'>ac</span> <span class='ocrx_word' id='word_1_322' title='bbox 762 4095 873 4141; x_wconf 91' lang='lat' dir='ltr'>eorum</span> <span class='ocrx_word' id='word_1_323' title='bbox 895 4073 1130 4139; x_wconf 89' lang='lat' dir='ltr'>successoribus</span> <span class='ocrx_word' id='word_1_324' title='bbox 1160 4070 1293 4137; x_wconf 89' lang='lat' dir='ltr'>fideliter</span> <span class='ocrx_word' id='word_1_325' title='bbox 1314 4073 1374 4136; x_wconf 89' lang='lat' dir='ltr'>im-</span> 
     </span>
     <span class='ocr_line' id='line_1_36' title="bbox 64 4180 1373 4267; baseline -0.001 -20"><span class='ocrx_word' id='word_1_326' title='bbox 64 4180 201 4252; x_wconf 69' lang='lat' dir='ltr'>unienda</span> <span class='ocrx_word' id='word_1_327' title='bbox 233 4186 410 4251; x_wconf 88' lang='lat' dir='ltr'>secundum</span> <span class='ocrx_word' id='word_1_328' title='bbox 448 4187 583 4252; x_wconf 83' lang='lat' dir='ltr'>formam</span> <span class='ocrx_word' id='word_1_329' title='bbox 617 4190 648 4251; x_wconf 87' lang='lat' dir='ltr'>ct</span> <span class='ocrx_word' id='word_1_330' title='bbox 681 4187 876 4251; x_wconf 87' lang='lat' dir='ltr'>conditiones</span> <span class='ocrx_word' id='word_1_331' title='bbox 906 4183 1097 4267; x_wconf 89' lang='lat' dir='ltr'>prescriptas</span> <span class='ocrx_word' id='word_1_332' title='bbox 1130 4201 1182 4244; x_wconf 88' lang='lat' dir='ltr'>mc</span> <span class='ocrx_word' id='word_1_333' title='bbox 1204 4181 1309 4262; x_wconf 88' lang='lat' dir='ltr'>obligo</span> <span class='ocrx_word' id='word_1_334' title='bbox 1342 4184 1373 4246; x_wconf 92' lang='lat' dir='ltr'>et</span> 
     </span>
     <span class='ocr_line' id='line_1_37' title="bbox 65 4277 1373 4377; baseline 0.011 -39"><span class='ocrx_word' id='word_1_335' title='bbox 65 4277 205 4369; x_wconf 88' lang='lat' dir='ltr'>obligatum</span> <span class='ocrx_word' id='word_1_336' title='bbox 227 4294 429 4377; x_wconf 88' lang='lat' dir='ltr'>presentibus</span> <span class='ocrx_word' id='word_1_337' title='bbox 452 4314 644 4377; x_wconf 86' lang='lat' dir='ltr'>recognosco</span> <span class='ocrx_word' id='word_1_338' title='bbox 666 4295 765 4377; x_wconf 90' lang='lat' dir='ltr'>sigillo</span> <span class='ocrx_word' id='word_1_339' title='bbox 787 4312 860 4357; x_wconf 90' lang='lat' dir='ltr'>mco</span> <span class='ocrx_word' id='word_1_340' title='bbox 882 4288 941 4356; x_wconf 93' lang='lat' dir='ltr'>hiis</span> <span class='ocrx_word' id='word_1_341' title='bbox 962 4291 1072 4356; x_wconf 88' lang='lat' dir='ltr'>litteris</span> <span class='ocrx_word' id='word_1_342' title='bbox 1092 4310 1235 4373; x_wconf 89' lang='lat' dir='ltr'>appenso</span> <span class='ocrx_word' id='word_1_343' title='bbox 1247 4290 1373 4372; x_wconf 89' lang='lat' dir='ltr'>publice</span> 
     </span>
     <span class='ocr_line' id='line_1_38' title="bbox 12 4380 1371 4485; baseline 0.001 -22"><span class='ocrx_word' id='word_1_344' title='bbox 12 4468 14 4475; x_wconf 66' lang='grc'>,</span> <span class='ocrx_word' id='word_1_345' title='bbox 66 4380 87 4448; x_wconf 68' lang='lat' dir='ltr'>id</span> <span class='ocrx_word' id='word_1_346' title='bbox 102 4404 274 4474; x_wconf 79' lang='lat' dir='ltr'>protestans.</span> <span class='ocrx_word' id='word_1_347' title='bbox 319 4400 437 4466; x_wconf 87' lang='lat' dir='ltr'>Datum</span> <span class='ocrx_word' id='word_1_348' title='bbox 460 4401 678 4485; x_wconf 86' lang='lat' dir='ltr'>Osenbrugge,</span> <span class='ocrx_word' id='word_1_349' title='bbox 709 4421 795 4467; x_wconf 90' lang='lat' dir='ltr'>anno</span> <span class='ocrx_word' id='word_1_350' title='bbox 817 4400 941 4465; x_wconf 87' lang='lat' dir='ltr'>Domini</span> <span class='ocrx_word' id='word_1_351' title='bbox 964 4398 1220 4465; x_wconf 83' lang='lat' dir='ltr'>M⁰CC⁰LXXX⁰</span> <span class='ocrx_word' id='word_1_352' title='bbox 1248 4403 1371 4482; x_wconf 90' lang='lat' dir='ltr'>quarto,</span> 
     </span>
     <span class='ocr_line' id='line_1_39' title="bbox 12 4487 482 4577; baseline 0.009 -4"><span class='ocrx_word' id='word_1_353' title='bbox 12 4496 15 4557; x_wconf 83' lang='grc' dir='ltr'>Ϊ</span> <span class='ocrx_word' id='word_1_354' title='bbox 67 4487 260 4576; x_wconf 66' lang='lat' dir='ltr'>illiciendas</span> <span class='ocrx_word' id='word_1_355' title='bbox 281 4509 482 4577; x_wconf 90' lang='lat' dir='ltr'>Novembris.</span> 
     </span>
    </p>
   </div>
   <div class='ocr_carea' id='block_1_3' title="bbox 160 4663 622 4750">
    <p class='ocr_par' dir='ltr' id='par_1_3' title="bbox 160 4663 622 4750">
     <span class='ocr_line' id='line_1_40' title="bbox 160 4663 622 4750; baseline -0.006 -18"><span class='ocrx_word' id='word_1_356' title='bbox 160 4663 217 4733; x_wconf 75' lang='lat' dir='ltr'>bie</span> <span class='ocrx_word' id='word_1_357' title='bbox 239 4664 349 4750; x_wconf 63' lang='lat' dir='ltr'>eleget</span> <span class='ocrx_word' id='word_1_358' title='bbox 370 4663 431 4743; x_wconf 69' lang='lat' dir='ltr'>laub</span> <span class='ocrx_word' id='word_1_359' title='bbox 453 4664 622 4750; x_wconf 78' lang='lat' dir='ltr'>otgerillm.</span> 
     </span>
    </p>
   </div>
   <div class='ocr_carea' id='block_1_4' title="bbox 71 4792 1372 5039">
    <p class='ocr_par' dir='ltr' id='par_1_4' title="bbox 71 4792 1372 5039">
     <span class='ocr_line' id='line_1_41' title="bbox 161 4792 1372 4930; baseline 0.002 -19"><span class='ocrx_word' id='word_1_360' title='bbox 161 4842 230 4926; x_wconf 63' lang='lat' dir='ltr'>bob</span> <span class='ocrx_word' id='word_1_361' title='bbox 250 4845 377 4928; x_wconf 64' lang='lat' dir='ltr'>Sotionis</span> <span class='ocrx_word' id='word_1_362' title='bbox 399 4856 458 4914; x_wconf 76' lang='lat' dir='ltr'>oue</span> <span class='ocrx_word' id='word_1_363' title='bbox 490 4846 541 4913; x_wconf 81' lang='lat' dir='ltr'>bct</span> <span class='ocrx_word' id='word_1_364' title='bbox 557 4845 727 4930; x_wconf 64' lang='lat' dir='ltr'>mittilbuc</span> <span class='ocrx_word' id='word_1_365' title='bbox 750 4844 879 4929; x_wconf 57' lang='lat' dir='ltr'>{inmitte</span> <span class='ocrx_word' id='word_1_366' title='bbox 905 4863 964 4912; x_wconf 87' lang='lat' dir='ltr'>oon</span> <span class='ocrx_word' id='word_1_367' title='bbox 986 4846 1036 4914; x_wconf 86' lang='lat' dir='ltr'>bet</span> <span class='ocrx_word' id='word_1_368' title='bbox 1059 4846 1147 4929; x_wconf 66' lang='lat' dir='ltr'>dente</span> <span class='ocrx_word' id='word_1_369' title='bbox 1171 4792 1296 4927; x_wconf 65' lang='lat' dir='ltr'>dommi,</span> <span class='ocrx_word' id='word_1_370' title='bbox 1327 4846 1372 4914; x_wconf 77' lang='lat' dir='ltr'>be:</span> 
     </span>
     <span class='ocr_line' id='line_1_42' title="bbox 71 4933 1372 5039; baseline 0.004 -24"><span class='ocrx_word' id='word_1_371' title='bbox 71 4933 147 5016; x_wconf 67' lang='lat' dir='ltr'>valen</span> <span class='ocrx_word' id='word_1_372' title='bbox 163 4950 205 5020; x_wconf 83' lang='lat' dir='ltr'>tte</span> <span class='ocrx_word' id='word_1_373' title='bbox 225 4951 317 5037; x_wconf 78' lang='lat' dir='ltr'>tielct</span> <span class='ocrx_word' id='word_1_374' title='bbox 328 4952 841 5039; x_wconf 80' lang='lat' dir='ltr'>Urtunbebeiticgenbmtlttunbm</span> <span class='ocrx_word' id='word_1_375' title='bbox 863 4971 924 5022; x_wconf 84' lang='lat' dir='ltr'>oon</span> <span class='ocrx_word' id='word_1_376' title='bbox 940 4955 1032 5037; x_wconf 85' lang='lat'>1312,</span> <span class='ocrx_word' id='word_1_377' title='bbox 1054 4955 1087 5021; x_wconf 85' lang='lat' dir='ltr'>iu</span> <span class='ocrx_word' id='word_1_378' title='bbox 1108 4952 1372 5036; x_wconf 57' lang='lat' dir='ltr'>benengobormes</span> 
     </span>
    </p>
   </div>
   <div class='ocr_carea' id='block_1_5' title="bbox 0 0 1610 5354">
    <p class='ocr_par' dir='ltr' id='par_1_5' title="bbox 0 0 1610 5354">
     <span class='ocr_line' id='line_1_43' title="bbox 0 0 1610 5354; baseline 0 0"><span class='ocrx_word' id='word_1_379' title='bbox 0 0 1610 5354; x_wconf 95' lang='lat' dir='ltr'> </span> 
     </span>
    </p>
   </div>
  </div>
 </body>
</html>
