3210 5354
711 307 780 363 1282
1373 292 1416 357 49

157 490 204 537 ror
225 472 342 538 domos
375 473 407 536 et
433 473 660 556 proprietatem
689 474 874 538 earumdem
898 492 970 538 cum
992 472 1173 539 hominibus
1196 473 1414 552 attinentibus,

157 581 229 658 bus,
262 580 458 662 utilitatibus,
489 583 613 663 juribus
646 587 677 647 et
707 584 904 666 pertinentiis
931 584 995 648 suis
1017 583 1112 666 pleno
1131 582 1212 666 jure,
1246 582 1326 647 sicut
1357 600 1417 646 nos

187 688 342 754 hactenus
376 690 586 771 possedimus,
620 690 810 755 contulimus
843 696 873 757 et
906 711 964 775 per
994 709 1126 774 presens
1156 689 1306 774 seriptum
1340 708 1417 755 con·

157 799 377 879 imperpetuo
399 797 619 879 possidendas.
659 798 707 862 Ne
728 799 820 880 igitur
842 799 882 864 de
904 799 965 866 hoc
987 799 1103 864 nostris
1124 798 1174 864 vel
1197 818 1416 865 suecessomm

157 923 249 969 urum
271 905 469 988 temporibus
491 905 603 988 aliquis
625 905 795 972 dubietatis
824 906 874 972 vel
905 906 1078 990 questionis
1100 906 1267 989 scrupulus
1288 906 1417 985 oriatur,

157 1034 202 1080 ens
223 1016 374 1099 seriptum
397 1034 493 1098 super
516 1015 576 1080 hoc
598 1014 786 1079 tradidimus
805 1015 903 1080 nostri
918 1013 1006 1097 sigilli
1029 1013 1205 1078 munimine
1220 1014 1416 1082 roboratum.

170 1142 297 1207 quoque
331 1123 513 1206 capitulum,
548 1122 769 1188 ministeriales
801 1142 839 1188 ac
871 1123 1046 1206 burgenses
1068 1122 1101 1186 in
1122 1122 1222 1188 nostri
1244 1141 1418 1188 consensus

157 1232 260 1297 endam
282 1235 393 1297 nostra
414 1232 513 1314 sigilla
534 1232 684 1298 duximus
705 1233 906 1316 presentibus
928 1231 1131 1314 apponenda.
1163 1229 1280 1296 Datum
1303 1230 1418 1297 Osem·

157 1339 202 1418 be,
223 1340 297 1405 ΧΨ
317 1339 479 1404 Kalendas
502 1340 647 1423 Augusti,
669 1360 754 1409 anno
777 1341 903 1407 Domini
925 1337 1176 1406 u⁰ce⁰txxx⁰
1197 1341 1349 1408 secundo.

196 1471 545 1556 ttlmgcnentttretlen
580 1472 631 1555 lin
661 1474 786 1558 &cestr
823 1475 856 1561 1)
887 1474 944 1541 bue
977 1474 1029 1541 bes
1062 1471 1196 1558 titionis
1231 1474 1414 1562 ubertatem

157 1590 186 1646 rt
213 1580 265 1647 bes
295 1579 433 1662 nepueu
467 1582 528 1648 unt
561 1581 597 1667 3)
618 1583 674 1649 bot
706 1583 756 1650 tet
787 1581 1008 1663 litintitetioten
1036 1581 1185 1667 erbetum
1218 1583 1254 1669 4)
1276 1585 1333 1652 bes
1363 1584 1416 1653 ber

157 1694 174 1755 rt
192 1687 363 1773 abgeicttcn.

184 1871 202 1938 ¹)
220 1869 296 1938 tene,
313 1867 488 1940 ffiouenrbctt
506 1867 587 1926 ilttcr
604 1869 647 1926 bei
664 1869 831 1929 Dbnobrtitt.

160 2306 194 2317 -
215 2269 405 2351 Otuctriut,
427 2269 521 2351 1282,
541 2268 620 2348 nui
642 2269 694 2341 18.

239 2405 355 2488 titides
387 2405 510 2473 tentet
531 2423 591 2473 oon
613 2403 785 2472 oenomao
817 2404 949 2489 emunit
974 2405 1025 2488 itit
1054 2405 1096 2472 90
1117 2406 1219 2488 wart,
1250 2405 1352 2490 uelde
1385 2424 1419 2475 ct

236 2532 288 2598 aut
310 2512 539 2599 (picnbneiten)
562 2513 746 2599 &metune
767 2513 819 2581 bet
840 2514 928 2601 tium
948 2515 1144 2603 mnarum
1165 2515 1331 2585 occumbet
1352 2514 1416 2599 bot,

237 2624 286 2689 ein
308 2622 386 2690 urbe
406 2623 439 2689 in
461 2621 567 2707 ltobne
588 2640 629 2689 cn
645 2621 700 2688 ben
724 2622 915 2691 cenchride
936 2623 1057 2710 aurae
1079 2624 1214 2708 nannet
1235 2643 1296 2693 oon
1314 2621 1420 2706 ‘Dibon

236 2731 298 2798 rint
320 2729 475 2815 tinniet
498 2741 531 2797 es
553 2731 614 2815 ibn
635 2729 686 2798 att
707 2730 851 2816 ssebngut.

336 2861 468 3008 {hlmptt
478 2862 534 3006 dtre
553 2864 596 2918 14.
615 2862 717 2935 {lomb
747 2866 775 2920 tn
794 2866 879 2921 rtnem
897 2864 1060 2937 Ruptutbum
1078 2867 1115 2923 tm
1135 2864 1369 2924 &mmotbttorlut
1387 2878 1421 2938 nu

368 2954 424 3006 eno
443 2952 477 3006 ni
499 2993 505 3005 .

194 3069 259 3135 Nos
274 3069 445 3134 Conradus
462 3069 519 3133 Dei
536 3070 637 3151 gratia
653 3069 783 3135 eoelesie
800 3069 1058 3154 Osnabnrgensis
1080 3070 1249 3155 epiecopus
1270 3070 1420 3138 omnbus

157 3181 235 3242 entes
254 3177 377 3243 litteras
399 3178 586 3260 inspecturis
607 3197 665 3243 seu
687 3178 783 3243 etiam
804 3179 958 3244 audituris
992 3179 1129 3245 salutem
1157 3179 1189 3244 in
1211 3199 1261 3259 eo,
1294 3181 1348 3264 qui
1370 3183 1419 3246 est

157 3284 212 3350 ium
231 3305 307 3352 vera
328 3286 424 3352 salus.
467 3287 619 3353 Noverint
640 3291 707 3353 tam
729 3288 825 3353 futuri
848 3307 946 3373 quam
968 3291 1144 3373 presentes,
1168 3289 1256 3373 quod
1277 3307 1337 3355 noe
1357 3308 1419 3373 pro

157 3395 219 3459 nda
248 3395 391 3479 quadam
424 3397 557 3479 pecunie
590 3416 728 3475 summa,
759 3416 857 3480 quam
893 3398 935 3462 ad
966 3397 1133 3462 utilitatem
1159 3400 1192 3461 et
1212 3395 1418 3463 commodum

157 3503 201 3566 sie
233 3506 344 3568 nostre
376 3506 582 3587 exposuimus
614 3523 672 3586 pro
702 3511 806 3572 castro
827 3505 1049 3587 Tekeneborg,
1083 3505 1222 3589 quedam
1256 3505 1344 3572 bona
1377 3506 1420 3573 dc

157 3632 182 3675 *o
212 3613 310 3696 ipsius
343 3612 474 3678 ecclesie
494 3616 613 3691 nostre,
645 3614 778 3679 domum
800 3615 946 3680 videlicet
966 3613 1142 3680 Tbietmari
1172 3614 1265 3680 dmm
1289 3614 1321 3680 in
1343 3614 1417 3682 nlla

157 3724 226 3805 rust)
248 3722 290 3786 de
311 3722 474 3788 communi
496 3741 532 3786 ac
555 3724 697 3787 unanimi
717 3742 877 3789 consensu
893 3722 1018 3807 capituli
1036 3722 1144 3801 nostri,
1166 3721 1419 3789 ministerialium

157 3829 487 3913 urgensiumHinrico
519 3831 603 3895 dicto
635 3831 841 3916 deDymene
871 3829 1192 3914 driOmaburgenai
1223 3849 1284 3916 pro
1316 3849 1420 3898 nona·

157 3940 293 4004 imarcis
316 3939 436 4003 usualis
455 3943 585 4003 monem
607 3940 808 4005 vendid'nuus
839 3940 938 4004 libere
968 3942 1000 4004 et
1024 3939 1172 4005 meelate
1192 3940 1420 4007 transterentes

157 4066 282 4129 presens
303 4047 457 4130 seriptum
492 4048 623 4113 nomine
655 4048 739 4113 leodi
769 4049 887 4113 dietam
912 4048 1046 4113 domum
1078 4067 1151 4114 cum
1174 4047 1356 4115 horninibus
1377 4049 1419 4115 ad

157 4175 173 4219 n
204 4155 436 4239 spectanbbus,
469 4155 657 4221 'thietmaro
689 4158 834 4222 videlicet
863 4161 896 4221 et
916 4155 1108 4240 Margareta,
1140 4159 1209 4242 ejus
1240 4176 1351 4237 uxore,
1382 4175 1421 4224 ac

157 4282 181 4327 m
206 4264 314 4347 pueris
335 4261 480 4341 sumno,
513 4264 652 4340 Histrico,
687 4266 835 4345 (iristina,
867 4264 973 4349 Gyela,
1005 4264 1161 4351 Albeyde,
1187 4265 1367 4351 Margania
1388 4270 1420 4333 et

157 4371 269 4436 isauris
290 4371 491 4453 perimendis
512 4375 666 4439 universis
688 4378 720 4440 in
742 4394 857 4441 mauras
879 4378 912 4439 et
933 4375 964 4439 iu
979 4373 1215 4457 poemiam
1231 4377 1420 4460 perpetuam

157 4479 197 4545 ici
228 4479 354 4562 prelati,
387 4499 445 4544 sue
477 4484 584 4548 uxoris
618 4488 651 4548 et
678 4482 1421 4551 beredmnsuorumnullouobiseteocierie

157 4589 322 4672 ejurein
348 4588 620 4658 aedemretento.
662 4591 1420 4677 ueigiturdehocmetravetmoeeuormn

157 4715 252 4760 orum
273 4696 475 4778 temporibus
495 4699 610 4783 aliquis
631 4702 803 4768 dubietatis
823 4721 882 4767 seu
902 4703 1079 4786 nomionis
1099 4701 1268 4787 mputus
1289 4701 1421 4783 oriatur,

157 4824 202 4870 ns
223 4803 380 4887 seriptum
400 4824 499 4889 amer
517 4807 579 4874 boc
600 4809 756 4876 tradimrrs
776 4811 876 4877 nostri
906 4811 997 4896 sigilii
1026 4810 1204 4878 mwmirie
1224 4811 1422 4881 roboratum,

167 4931 303 4998 quoque
334 4914 520 4996 mullum.
550 4918 772 4985 umentes
802 4924 836 4985 et
856 4921 1035 5004 burgenses
1062 4921 1095 4987 in
1125 4920 1225 4989 metri
1245 4937 1423 4989 emnam

157 5043 199 5094 tr,
213 5038 280 5086 a:
291 5039 420 5087 W
432 5039 475 5084 Ν.
1188 5035 1211 5100 4
