3210 5354
640 325 709 381 1283
1302 318 1346 383 69

11 495 40 560 in
57 496 122 562 rlla
142 495 366 580 Honthorpett
398 493 430 559 in
463 494 630 578 parrochia
651 493 947 577 Weliugholtbusen
979 514 1052 561 cum
1085 498 1234 564 omnibus
1269 501 1344 564 atti·

11 606 111 671 nenliis
139 607 206 670 suis
235 607 393 688 perpetuo
423 600 662 686 possidendam.
706 603 862 670 Sacerdos
892 603 1011 690 enim⁸)
1038 623 1121 670 nove
1144 606 1263 688 capelle
1286 607 1344 672 de·

12 717 137 782 serviens
158 717 210 782 die
231 734 270 780 ac
290 716 384 779 nocte
406 710 504 778 choro
529 710 686 777 deserviat
717 711 806 777 sicuti
840 711 890 777 alii
922 713 1038 793 vicarii,
1070 713 1128 779 sed
1161 715 1344 784 ebdomoda

12 824 117 889 carebit
148 825 180 889 et
211 821 336 888 collatio
366 820 465 904 ipsius
496 820 609 885 vicarie
637 819 680 885 ad
712 819 884 904 capitulum
918 826 1062 887 nostrum
1093 827 1249 908 perpetuo
1270 845 1345 909 per·

12 933 117 1000 tinebit.
137 932 227 998 Idem
248 931 399 997 sacerdos
422 930 599 995 memorate
621 928 743 1012 capelle
765 929 895 995 missam
917 949 1009 996 suam
1032 932 1172 998 cantabit
1195 934 1344 1001 mediocri

14 1061 87 1120 roce,
117 1061 189 1107 cnm
220 1039 362 1106 secunda
388 1056 545 1122 campana
573 1036 718 1121 pulsatur
743 1038 785 1103 ad
806 1039 952 1121 primam.
996 1039 1091 1105 Omni
1114 1042 1164 1107 die
1187 1043 1345 1112 dominica

16 1150 167 1216 celebrabit
189 1149 320 1215 missam
344 1149 384 1214 de
406 1148 637 1213 resurrectione
653 1145 790 1226 Domini,
812 1147 870 1212 sed
891 1147 1087 1215 adominica
1100 1150 1343 1235 septuagesima

17 1275 100 1340 nsque
119 1257 243 1323 Pascha
275 1256 449 1322 celebrabit
480 1255 522 1322 de
552 1254 700 1322 trinitate.
744 1255 822 1321 Aliis
854 1257 1003 1322 omnibus
1033 1256 1146 1323 diebus
1171 1259 1344 1328 celebrabit

18 1367 125 1431 nissam
146 1386 205 1450 pro
228 1365 394 1444 defunctis,
428 1364 569 1448 exceptis
591 1363 783 1446 quibusdam
805 1363 1090 1447 solempnitatibus,
1124 1385 1187 1450 que
1218 1368 1248 1432 in
1281 1369 1344 1435 alia

17 1472 101 1539 littera
130 1477 205 1539 sunt
237 1475 377 1551 notatae,
411 1475 443 1537 et
474 1471 537 1536 boc
565 1471 699 1536 fideliter
731 1471 922 1539 observabit.
965 1472 1053 1538 Idem
1083 1476 1233 1542 sacerdos
1261 1497 1344 1544 nore

18 1581 116 1665 erpelle
136 1582 225 1648 dabit
247 1580 377 1664 singulis
399 1580 491 1645 annis
513 1580 594 1645 duos
616 1579 734 1645 solidos
755 1580 796 1645 de
810 1578 907 1645 Wese
929 1581 961 1646 in
983 1583 1200 1651 anniversario
1222 1585 1344 1653 domini

17 1684 147 1754 lobannis
168 1687 379 1772 Negenweret
411 1690 443 1752 et
475 1687 626 1752 sacerdos
660 1687 780 1770 capelle
811 1687 922 1753 beate
940 1689 1067 1772 virginis
1095 1691 1184 1757 dabit
1214 1694 1344 1777 singulis

18 1798 91 1861 mnis
116 1799 148 1862 in
177 1796 394 1862 anniversario
416 1795 536 1861 domini
558 1795 693 1880 Gysonis
715 1796 756 1861 de
778 1794 874 1862 domo
897 1795 1086 1881 Honthorpe
1112 1799 1194 1866 duos
1215 1801 1343 1882 solidos,

18 1906 59 1987 qui
76 1904 279 1970 distribuendi
300 1907 376 1969 sunt
398 1904 480 1968 inter
500 1904 683 1987 sacerdotes
704 1904 847 1984 civitatis,
879 1905 958 1970 sicut
988 1912 1176 1973 consuetum
1204 1913 1262 1976 est.
1305 1913 1345 1977 Et

18 2015 158 2080 utomnia
178 2017 349 2097 prenotata
378 2018 448 2078 rata
477 2018 509 2078 et
538 2014 716 2079 indubitata
738 2018 958 2097 permaneant,
991 2021 1172 2098 presentem
1206 2019 1341 2086 litteram

19 2123 106 2205 majori
125 2122 226 2206 sigillo
248 2125 358 2188 nostro
379 2121 599 2203 consignatam
629 2122 776 2187 dedimus
807 2121 838 2184 in
860 2121 1077 2188 testimonium
1100 2127 1338 2208 premissorum.

18 2223 108 2297 telum
128 2235 160 2297 et
181 2231 293 2297 daturo
316 2250 400 2296 anno
423 2229 548 2296 Domini
570 2228 804 2297 M⁰CC⁰LXXX
823 2229 935 2310 tercio,
963 2231 994 2296 in
1018 2232 1068 2300 die
1091 2236 1192 2301 sancti
1214 2236 1341 2322 Agapiti

23 2339 142 2408 martiris.

111 2463 219 2550 &teget
240 2464 293 2532 bes
316 2462 456 2546 trebeta
476 2482 517 2531 on
539 2463 854 2549 bergomrntflteiten.

100 2648 120 2714 ¹)
139 2645 227 2716 bebo,
244 2643 332 2715 Rripl.
351 2644 520 2715 bobbergcn.
541 2677 572 2686 -
593 2645 616 2713 ²)
635 2645 790 2716 pariterue,
807 2645 893 2714 ariol.
914 2645 1203 2720 tbrsstrrgbolgbouten.

22 2754 283 2771 Q-——-

96 2818 119 2883 ⁸)
138 2798 210 2871 slbrt
230 2813 276 2870 brt
294 2811 369 2882 gnte
388 2811 587 2883 riorbgcttogcn.

17 3158 56 3239 n.
74 3210 112 3222 -
132 3171 327 3253 etormet,
349 3171 444 3254 lasa,
465 3173 583 3259 unguit
606 3174 657 3244 ll.

153 3306 272 3392 illidet
294 3306 417 3375 ttontob
439 3325 499 3375 non
520 3306 694 3375 Dtnobtbd
716 3307 847 3390 seusun
869 3307 924 3374 mit
940 3306 1148 3391 guttimmung
1170 3307 1222 3375 bet
1237 3307 1333 3376 bonu

156 3417 294 3502 rapitur,
326 3419 377 3486 brt
398 3416 631 3498 litinittrriulen,
662 3418 857 3502 berlinton
883 3419 945 3484 unt
967 3418 1018 3484 bet
1040 3418 1172 3501 stages
1203 3420 1268 3487 bon
1295 3419 1337 3505 bt.

151 3525 387 3609 &ambulatet
419 3525 494 3608 leda
522 3527 586 3599 nub
616 3528 701 3594 einen
732 3527 838 3610 botben
860 3525 992 3611 notger
1014 3527 1154 3596 tteutonb
1184 3547 1239 3598 not
1271 3529 1337 3597 bem

152 3633 302 3718 notabor
323 3634 400 3702 brim
420 3633 665 3720 sseotoieuboule.

255 3765 404 3838 Sttgtnot:
424 3764 608 3836 &tcbtordrin

110 3885 281 3953 Conradus
313 3883 369 3950 Dei
401 3886 503 3967 gratia
535 3883 666 3949 ecclesie
693 3881 949 3963 Osnaburgensis
982 3879 1150 3965 episcopus
1185 3882 1334 3947 omnibus

10 3998 152 4060 ruentes
182 3994 305 4059 litteras
332 3993 519 4077 inspecturis
541 4011 599 4057 seu
621 3992 716 4056 etiam
739 3989 892 4055 audituris
925 3988 1060 4054 salutem
1095 3991 1125 4054 in
1149 4010 1187 4056 eo
1210 3990 1263 4073 qui
1286 3993 1336 4056 est

10 4103 129 4169 mnium
149 4122 227 4168 vera
248 4100 345 4169 salus.
387 4100 540 4167 Noverint
572 4103 639 4164 tam
673 4097 792 4181 posteri
825 4115 923 4180 quam
946 4100 1122 4179 presentes,
1156 4096 1242 4179 quod
1274 4115 1335 4162 nos

10 4208 132 4293 ospitati
153 4208 255 4274 sancti
276 4205 411 4290 Spiritus
432 4205 689 4289 osnaburgensis
720 4222 777 4268 sex
802 4206 916 4288 jugera
938 4208 970 4269 et
992 4203 1156 4269 dimidium
1181 4207 1263 4268 terre
1286 4203 1335 4268 in·

10 4316 68 4384 ulte
98 4320 192 4383 extra
223 4318 350 4400 portam
372 4315 459 4382 llase
492 4317 524 4381 in
557 4314 668 4379 mirica
700 4313 761 4376 sita
793 4331 894 4396 prope
916 4312 1048 4377 domum
1071 4311 1269 4395 leprosorum
1292 4311 1334 4379 de

10 4425 145 4492 ommuni
177 4443 217 4490 ac
248 4423 390 4489 unanimi
422 4442 581 4490 consensu
613 4420 751 4504 capituli,
783 4418 1033 4485 ministerialium
1066 4423 1099 4484 et
1127 4418 1332 4502 burgensium

10 4538 167 4600 unorum
195 4551 235 4598 ac
265 4530 400 4612 illorum,
433 4533 488 4616 qui
509 4530 604 4614 vulgo
625 4550 757 4596 errem
779 4531 944 4607 rorantur,
976 4548 1035 4612 pro
1058 4526 1163 4609 viginti
1185 4529 1334 4595 etunius

10 4658 163 4709 mearum
184 4638 322 4724 pecunia
342 4639 460 4705 usmlis
491 4642 621 4705 monete
652 4638 749 4722 pleno
777 4639 849 4721 J'ure
872 4635 1073 4702 vendidimus
1098 4637 1198 4704 libere
1219 4641 1251 4704 et
1272 4638 1333 4704 ab·

10 4747 85 4817 mu
114 4750 275 4834 perpetuo
306 4747 510 4831 possidenda
554 4746 774 4829 lltnesuper
806 4746 868 4812 hoc
896 4746 1012 4811 nostris
1039 4745 1188 4813 vermes

10 4860 161 4926 urorum
180 4854 387 4941 tempsanus
416 4856 531 4941 aliquis
555 4853 728 4920 dubietatis
750 4853 799 4918 vel
822 4852 998 4936 questionis
1018 4850 1144 4932 mod

10 4984 109 5034 mars
130 4966 287 5051 scriptum
318 4982 417 5049 super
447 4963 590 5049 hocipd
613 4962 760 5046 hospitati
783 4961 892 5027 tradidi
