3210 5354
777 323 847 380 mar
1417 310 1479 376 143

157 488 333 566 nputatur.
376 486 444 553 Nos
464 486 558 570 igitur·
590 490 785 572 presentium
818 490 1030 557 insinuatione
1058 496 1124 557 tam
1152 491 1265 557 futuris
1287 511 1385 575 quam
1407 512 1481 576 pre·

157 594 279 658 antibus
301 596 449 662 volumus
470 597 678 676 innotescere,
712 598 799 683 quod
827 599 941 664 nobilis
971 599 1018 662 vir
1047 599 1238 681 Rudolphus
1260 600 1301 664 de
1322 599 1479 682 Depholte

157 703 364 786 roprietatem
387 706 550 772 advocatie
573 707 668 773 curtis
690 708 721 772 in
740 707 991 793 Halstenbeke1)
1014 707 1073 771 site
1095 708 1127 771 in
1148 708 1315 789 parrochia
1335 707 1478 774 Beveren

159 812 174 872 t
193 812 344 895 quicquid
365 815 398 878 in
420 833 459 878 ea
478 814 557 898 juris
578 815 730 895 babebat,
752 820 898 899 preterea
921 835 1018 899 super
1039 819 1162 898 septem
1181 816 1328 880 domibus
1350 818 1382 880 in
1403 835 1479 899 por·

157 919 246 985 nebia
276 920 573 987 Welincholthuson
604 923 748 990 videlicet
776 925 903 990 duabus
934 925 965 988 in
996 922 1165 1003 Harseten,
1200 924 1295 989 domo
1327 926 1359 988 in
1388 924 1479 1004 Uien,
1593 914 1595 918 ⁷

157 1025 237 1093 lamo
256 1031 289 1094 in
302 1029 492 1109 Holthuson,
516 1031 614 1097 domo
627 1033 872 1118 Rossecoperes,
895 1032 1039 1115 Welepe,
1062 1035 1094 1096 to
1111 1033 1169 1097 der
1180 1031 1480 1115 Luttilrenbrupgen,

157 1153 207 1216 nuc
225 1138 264 1202 ad
287 1137 452 1203 ecclesiam
482 1139 515 1203 in
537 1139 668 1223 Yburgh
699 1145 731 1206 et
760 1143 802 1207 ad
823 1132 999 1224 predictam
1030 1140 1195 1205 ecclesiam
1217 1140 1249 1204 in
1271 1139 1479 1206 Welincholt-

157 1241 244 1309 huson
264 1245 434 1328 pertinent,
457 1247 566 1313 abbati
589 1251 621 1312 et
641 1250 810 1315 conventui
832 1251 865 1314 in
886 1248 1017 1331 Yburgh
1043 1268 1103 1332 pro
1124 1268 1181 1314 sex
1202 1250 1317 1314 marcis
1339 1250 1479 1314 vendidit

160 1354 188 1415 et
203 1371 265 1417 earn
287 1372 359 1419 cum
382 1357 469 1419 omni
490 1356 669 1437 integritate
698 1359 730 1422 in
759 1377 874 1423 manus
895 1361 1021 1423 nostras
1042 1357 1141 1422 libere
1162 1360 1195 1421 et
1216 1357 1359 1423 absolute
1380 1358 1479 1440 resig-

161 1462 238 1528 narit.
278 1462 346 1527 Nos
368 1468 477 1529 autern
499 1469 632 1548 accepta
661 1447 817 1531 sententia
848 1465 965 1531 Mathis
994 1464 1099 1529 militis
1121 1465 1162 1529 de
1183 1463 1304 1528 Borsen
1328 1482 1401 1529 cum
1422 1483 1480 1547 ap·

163 1569 327 1647 probatione
348 1571 506 1638 bonomm
528 1573 679 1654 virorum,
702 1574 788 1656 quod
811 1574 949 1638 eandem
961 1573 1188 1655 proprietatem
1200 1571 1364 1636 advocatie
1385 1571 1479 1636 nobis

165 1681 305 1743 nanum
328 1678 435 1744 locare
456 1699 634 1762 possemus,
656 1682 710 1746 ubi
732 1681 882 1764 placeret,
906 1699 979 1745 eam
999 1679 1094 1745 beato
1116 1678 1272 1746 Clementi
1294 1681 1327 1742 et
1348 1678 1479 1746 ecclesie

169 1779 305 1870 ianurg
326 1787 437 1867 libera,
458 1792 614 1871 perpetua
636 1793 668 1853 et
689 1789 877 1854 immutabili
899 1790 1072 1855 donatione
1094 1788 1293 1864 contulimus,
1316 1787 1479 1870 supradic-

169 1889 218 1954 tam
248 1894 411 1959 abbatiam
442 1896 484 1960 ab
516 1896 661 1961 advocati
688 1897 760 1980 jure
788 1896 930 1980 quolibet
956 1897 1136 1963 liberantes.
1179 1895 1299 1960 Verum
1327 1894 1478 1976 quoniam

170 1992 257 2079 burlis
279 2005 326 2066 est
347 2002 513 2068 hominum
536 2007 691 2071 memoria
713 2008 745 2070 et
766 2005 819 2089 lilii
841 2007 1067 2072 modernorum
1090 2007 1182 2090 proni
1195 2008 1270 2070 sunt
1283 2005 1326 2069 ad
1347 2004 1478 2082 malum,

171 2108 196 2168 u
210 2111 235 2172 et
253 2109 347 2175 dubio
370 2112 524 2177 memorie
556 2117 589 2178 et
610 2113 777 2178 bominum
803 2115 997 2198 improbitati
1019 2133 1217 2191 occuramus,
1250 2132 1311 2178 nos
1333 2112 1477 2176 ordinem

170 2215 203 2277 rei
218 2224 295 2299 geste
316 2220 434 2302 scripto
463 2221 756 2286 commendavimus
783 2226 815 2286 et
834 2224 1034 2306 precepimus
1063 2222 1153 2305 sigilli
1185 2221 1282 2287 nostri
1304 2219 1479 2285 munimine

170 2320 291 2392 roborari.
334 2325 373 2390 lit
395 2345 455 2409 ego
477 2327 589 2392 nobilis
611 2329 657 2392 vir
672 2329 828 2396 Rudolius
850 2332 1010 2415 predictus
1032 2331 1072 2396 de
1095 2329 1244 2396 Defbolte
1265 2327 1478 2393 venditionem

171 2430 194 2490 tl
208 2435 439 2516 resignationem
460 2436 636 2518 predictam
666 2455 687 2501 a
715 2457 768 2502 me
789 2439 904 2504 iactam
930 2458 1124 2522 recognosco
1146 2443 1178 2503 et
1198 2437 1337 2521 presenti
1359 2436 1477 2519 scripto

171 2544 298 2614 protestor
318 2563 392 2610 meo
414 2544 514 2626 sigillo
536 2545 756 2611 nichilominus
779 2547 939 2614 roborato.
971 2547 1084 2612 Testes
1099 2546 1194 2630 hujus
1206 2548 1293 2610 sunt:
1316 2544 1478 2610 lohannes

170 2652 317 2730 bannitus
351 2653 383 2717 in
412 2652 665 2735 Bersenbrugke,
696 2654 831 2719 llatlrias
861 2656 901 2721 de
931 2656 1052 2720 Borsen
1085 2655 1185 2732 miles,
1218 2652 1405 2717 Thidericus
1436 2652 1477 2717 de

170 2746 314 2839 Dombem,
344 2758 551 2825 Hermannus
575 2760 675 2826 Cluen
707 2765 740 2826 et
766 2763 817 2827 alii
846 2780 944 2846 quam
965 2762 1082 2844 plures.
1128 2759 1247 2825 Datum
1270 2778 1357 2825 anno
1377 2759 1477 2841 gratie

170 2853 391 2934 ll⁰CC⁰LXXX⁰
411 2871 556 2953 septimo,
578 2869 650 2934 llll⁰
671 2869 759 2936 Ydus
781 2870 865 2954 Maji.

266 3000 358 3069 ttrite
380 3001 487 3086 &tepet
510 3001 682 3086 abueioilcn.

266 3132 327 3216 bui
348 3133 400 3201 bct
421 3132 567 3215 accepite
596 3135 675 3202 einer
704 3133 896 3218 popctirbttidp
927 3131 1135 3218 beptuubiptcn
1166 3129 1309 3214 ttbtdtttt
1340 3099 1392 3200 bea
1427 3132 1477 3197 17.

171 3227 252 3321 biti.
278 3241 376 3321 inber
407 3241 456 3319 iud)
487 3242 533 3308 bic
561 3243 730 3327 bumctipen
753 3241 871 3309 boman
900 3243 951 3309 bct
973 3239 1049 3323 bite
1078 3240 1261 3325 cogegebat:
1302 3241 1477 3320 betesmon

172 3343 437 3427 tribunonrm
460 3347 615 3430 periston,
646 3350 793 3434 tlbtcmcu
826 3351 858 3416 in
880 3349 987 3433 litter,
1020 3350 1118 3417 iileiet
1140 3368 1174 3434 pn
1197 3347 1306 3429 bolico
1338 3350 1371 3416 in
1393 3348 1478 3427 nott·

173 3443 245 3536 luten,
264 3457 433 3542 boffetnpct
445 3459 513 3524 obet
525 3459 700 3542 &dimerso
713 3458 937 3542 (Θῶοιηῄαιιθ),
955 3456 1083 3538 anetae,
1099 3457 1179 3542 tlopt
1190 3475 1225 3542 pu
1237 3457 1477 3543 tibteubruppen'.

250 3639 269 3709 ¹)
286 3638 357 3711 itud
376 3637 480 3708 Datne
498 3641 562 3696 eod.
575 3639 754 3695 traditionum
765 3639 866 3695 Weeti.
886 3637 1003 3710 <boatus
1018 3636 1181 3708 botieubcd,
1198 3636 1285 3709 tttipt.
1304 3637 1476 3710 nicaenum.

179 3979 220 4054 ²¹¹·
235 4030 269 4048 ·-
287 3999 488 4086 detentori,
511 3999 604 4080 1287,
627 3998 703 4072 litut
726 3999 776 4071 1⁷.

306 4133 443 4218 tietbctb
467 4153 525 4201 oon
547 4134 598 4202 ber
620 4133 760 4215 neuen,
782 4133 899 4216 illicitet
920 4133 952 4199 in
966 4129 1159 4213 moremati,
1181 4129 1329 4208 bctnubet,
1350 4128 1408 4209 bct
1431 4127 1477 4195 bie

305 4243 427 4312 ibittuc
448 4243 518 4311 Oba
547 4262 605 4311 ocu
633 4242 742 4311 booten
771 4242 820 4322 itrb
850 4243 914 4309 bem
945 4240 1059 4319 litotes
1091 4237 1229 4322 scarnen
1263 4236 1385 4321 penetbt
1415 4237 1476 4302 aab

304 4352 351 4436 ibt
383 4351 565 4437 beneptidpea
602 4352 663 4419 cub
694 4349 919 4435 unbeneptidpca
952 4349 1119 4433 ttetmbpen
1151 4347 1216 4414 beu
1248 4344 1363 4423 tttotet
1394 4343 1478 4410 tibet:

267 4480 270 4486 ·
307 4459 410 4542 micion
435 4461 515 4544 baba.

403 4591 535 4666 Drtptnot
553 4596 590 4651 tut
608 4592 770 4666 &britttdpsu
789 4592 900 4663 uxorne
919 4604 952 4662 pu
971 4588 1073 4661 btbcbc.

270 4704 331 4792 Epo
352 4707 536 4776 Gerbardus
558 4711 599 4776 de
619 4710 801 4776 Molendino
829 4710 928 4794 Judex
957 4710 989 4773 in
1014 4704 1212 4786 Warendorp
1234 4700 1382 4767 omnibus
1404 4720 1479 4784 pre-

180 4805 259 4876 ’ωδ
274 4817 380 4886 nsum
400 4824 513 4886 notum
545 4839 615 4885 esse
637 4821 739 4902 cupio,
774 4817 862 4901 quod
893 4815 1062 4881 constituta
1084 4829 1193 4876 coram
1216 4829 1268 4875 me
1290 4809 1362 4874 Oda
1384 4808 1479 4875 sidua

182 4899 243 4981 Μ
257 4919 292 4991 da
309 4925 406 4995 Belsn
427 4933 562 5014 pensata
583 4927 715 4994 utilitate
737 4928 842 4994 anime
874 4943 931 4990 sue
958 4919 1125 5009 prehabito
1147 4924 1274 4985 maturo
1295 4917 1424 4986 consilio
1447 4921 1479 4985 et
