3210 5354
227 278 292 345 368
865 298 935 355 1299

226 462 356 528 consitio
389 467 421 528 et
453 463 521 528 aliis
554 448 732 548 fidedignis.
775 465 811 530 ln
833 468 924 551 eujus
946 467 992 532 rei
1020 467 1237 533 testimonium
1273 466 1459 551 sigillumn
1592 521 1595 539 .

227 571 375 637 duximus
396 572 455 638 hiis
476 573 588 639 litteris
610 573 854 656 apponendum.

355 706 462 791 &teget
483 704 716 791 militudinem!
739 706 926 794 (betddbtgt)
949 726 990 775 on
1007 707 1325 794 uergammnretten.

226 1048 303 1116 574.
323 1086 365 1098 -
387 1050 580 1132 eruentae,
603 1051 729 1138 latest)
752 1051 919 1139 borentot
942 1053 972 1122 7.

397 1182 513 1264 lilibet
535 1183 660 1269 tubmip
694 1203 754 1252 ooo
775 1183 950 1253 Dsoobrrtd
971 1185 1161 1266 bennenom
1194 1184 1253 1258 nan
1286 1185 1330 1252 im
1362 1186 1493 1268 &nette
1518 1185 1553 1250 tn

396 1291 506 1374 tlroptt
527 1292 658 1373 tlietrid)
680 1311 739 1359 oon
762 1293 879 1373 birltet
912 1293 1010 1376 etbticb
1040 1294 1074 1360 in
1107 1295 1201 1361 tinem
1223 1295 1345 1362 &ttrite
1372 1295 1426 1361 ber
1446 1294 1553 1367 lttolnt

395 1402 451 1467 orit
472 1400 609 1484 (berbach
642 1419 701 1468 oon
725 1400 867 1469 itumbed
888 1401 1065 1484 hetonam
1096 1401 1179 1486 bobes
1211 1401 1270 1479 bob
1303 1405 1362 1469 boa
1385 1401 1496 1478 &teter
1520 1402 1552 1466 tie

394 1508 550 1591 gebntttte
572 1519 630 1574 eut
653 1510 715 1576 bret
738 1509 835 1576 urben
859 1511 891 1575 in
914 1511 1013 1576 dnten
1041 1511 1102 1577 ont
1126 1513 1220 1579 etnam
1242 1511 1321 1578 urbe
1343 1531 1379 1595 m
1401 1510 1553 1588 {bittunt

396 1617 438 1681 28
460 1617 557 1698 {lette
591 1616 679 1701 ratio
712 1616 833 1698 beteilen
867 1617 949 1702 bobr„
972 1620 1032 1686 ont
1067 1619 1169 1703 tprtcbt
1202 1620 1240 1696 ste
1272 1620 1480 1705 intelgebetirn
1507 1621 1554 1686 ta

396 1725 510 1804 tttoter
531 1745 577 1810 pn.

494 1860 625 1933 Drtptnot
644 1860 787 1933 (metuent)
806 1860 962 1933 beltbdbipt)
981 1862 1018 1916 tm
1038 1859 1235 1931 &litbertbbe
1252 1875 1287 1933 aa
1306 1860 1423 1933 libaret.

354 1979 541 2044 Lodewicus
563 1978 621 2044 Dei
648 1980 749 2062 gratia
771 1977 1028 2061 Osnaburgensis
1061 1979 1192 2043 ecclesie
1226 1979 1395 2062 episeopus
1429 1977 1555 2044 omnbus

117 2168 122 2175 ι
229 2086 291 2152 hoc
324 2087 476 2169 scriptum
511 2088 624 2151 visuris
666 2086 802 2152 salutem
837 2092 868 2152 et
900 2087 1096 2170 perhennem
1141 2085 1346 2172 (memoriam
1379 2087 1441 2171 rei)
1476 2088 1555 2169 geste

230 2194 409 2280 (Noverint)
442 2201 510 2261 tam
544 2201 709 2279 presentes
742 2215 840 2279 quarn
874 2198 1002 2278 posten',
1037 2196 1124 2278 quod
1159 2213 1231 2260 curn
1265 2196 1349 2260 inter
1377 2193 1554 2259 Gerhardun

230 2304 350 2369 dictum
372 2303 542 2369 Rumbeke
565 2304 722 2390 exenta)
745 2309 776 2368 et
797 2304 1018 2369 honorabilem
1052 2305 1154 2368 virum
1184 2306 1350 2370 dominum
1373 2302 1555 2367 Thiderieun

229 2412 426 2495 prepositum
450 2418 481 2477 et
505 2463 512 2477 .
535 2465 543 2479 .
566 2417 757 2479 conventum
782 2415 966 2478 monasterii
988 2415 1019 2477 in
1042 2413 1188 2480 Borstelo
1209 2413 1330 2479 ordinis
1353 2410 1556 2497 Cystertiensis

230 2540 270 2585 ex
292 2524 383 2604 parte
404 2521 505 2586 altera
527 2541 624 2605 super
645 2522 786 2604 quadarn
808 2524 973 2605 pensione,
996 2542 1059 2607 que
1080 2524 1175 2605 vulgo
1186 2523 1300 2588 dicitur
1321 2521 1459 2600 matese,
1480 2521 1556 2586 trium

230 2630 401 2695 domorum
434 2631 567 2695 sitarum
599 2631 630 2694 in
664 2630 737 2695 villa
768 2631 876 2696 Anien
910 2632 941 2696 in
974 2631 1141 2714 parrochia
1163 2631 1265 2712 Berge
1298 2630 1491 2697 solvencium
1509 2626 1556 2691 tria

229 2736 344 2802 molcia
365 2737 492 2819 siliginis
513 2738 680 2803 annuatim
712 2758 771 2821 per
802 2757 988 2804 mensuram
1010 2738 1157 2804 Anchem
1189 2738 1333 2804 similiter
1366 2743 1398 2805 et
1418 2738 1554 2804 ramnum
1593 2756 1595 2777 ¹

229 2844 388 2910 decimam
411 2851 443 2912 et
464 2849 558 2913 unius
572 2848 688 2913 domus
700 2848 782 2913 dicte
793 2847 1026 2913 Wostenesche
1034 2849 1062 2932 ²)
1083 2849 1186 2932 posite
1202 2848 1416 2931 inpanochia
1429 2845 1554 2912 Ancbeu
1593 2844 1595 2853 '

228 2955 380 3021 solventis
402 2956 528 3038 triginta
540 2958 665 3021 modios
676 2976 777 3022 avene
793 2977 852 3040 per
863 2976 1048 3021 mensuram
1061 2957 1236 3039 predictam
1251 2958 1378 3041 questio
1392 2957 1554 3025 verteretur,

229 3065 378 3146 predictis
400 3066 543 3147 partibus
565 3086 673 3132 eoram
696 3067 788 3130 nobis
822 3067 853 3129 in
888 3066 1012 3148 prefixo
1036 3067 1110 3149 ipsis
1133 3067 1268 3131 termino
1290 3067 1468 3131 constitutis
1487 3063 1553 3129 iden

229 3173 409 3256 prepositus
421 3174 535 3238 obtulit
550 3195 585 3239 se
596 3175 805 3257 probaturum
819 3177 947 3257 proprio
960 3177 1153 3258 juramento,
1175 3177 1337 3258 prelatum
1349 3173 1552 3242 monasterium

230 3282 336 3362 viginti
369 3286 400 3345 et
431 3287 503 3348 octo
536 3286 628 3348 annis
661 3289 692 3348 et
725 3284 861 3366 amplius
894 3287 964 3349 sine
1002 3285 1202 3367 impeticione
1246 3284 1416 3367 cujuslibet
1447 3275 1553 3364 (dictos)
1593 3338 1595 3345 ,

228 3390 371 3455 redditus
394 3392 573 3473 percepisse
606 3399 638 3456 et
670 3394 701 3457 in
734 3393 938 3475 possessione
972 3394 1068 3457 luisse
1095 3393 1224 3474 pacifice
1246 3392 1438 3458 eorundem.
1479 3382 1552 3467 Quod
1593 3378 1595 3413 ²

227 3498 446 3580 juramentum
479 3499 606 3564 Liborio
639 3501 679 3564 de
712 3501 794 3564 Alen
827 3501 925 3565 talem
958 3502 1098 3565 dictante
1143 3501 1183 3564 de
1227 3501 1404 3583 peritorum
1448 3494 1552 3566 oonsilio

230 3607 431 3684 sententiam,
454 3608 569 3672 scilicet
592 3611 616 3673 si
641 3610 816 3692 [predictus
828 3607 1021 3697 prepositus]
1045 3609 1137 3675 vellet
1159 3629 1217 3674 suo
1239 3610 1368 3675 firmam
1384 3608 1551 3694 juramenta

229 3717 407 3799 predictum
431 3720 657 3782 monasterium
681 3719 822 3783 redditus
844 3719 1026 3803 hujusmodi
1059 3723 1148 3783 lanto
1177 3723 1323 3801 tempore
1344 3718 1514 3802 percepisse
1531 3710 1552 3772 el

229 3825 410 3908 possedisse
432 3826 547 3908 quiete,
582 3831 691 3910 posset
724 3832 755 3891 et
788 3830 921 3893 deberet
954 3827 1084 3894 eosdem
1114 3828 1279 3910 possidere
1302 3827 1343 3892 de
1364 3829 1435 3910 Jure
1456 3829 1485 3890 et
1502 3821 1551 3886 sint

229 3936 477 4001 contradictione
510 3937 649 4019 qualibet
683 3938 838 4018 optinere.
882 3937 976 4002 Juxta
1011 3939 1208 4002 sentenciam
1241 3936 1286 3999 sie
1318 3935 1474 4018 prolatam
1498 3932 1551 3993 etl

230 4044 506 4109 circumstantibus
539 4046 751 4110 communiter
782 4048 993 4128 approbatam
1027 4065 1134 4111 coram
1168 4043 1260 4109 nobis
1292 4043 1489 4126 presentibus
1517 4037 1550 4098 in·

231 4153 402 4237 imscriptis
445 4153 587 4218 videlicet
627 4153 761 4235 Hugone
798 4155 881 4220 dieto
916 4155 1008 4227 Urso,
1052 4154 1199 4219 lohanne
1238 4152 1425 4217 Cameran'o
1460 4141 1550 4214 nostriS

229 4262 454 4337 assessoribus,
477 4262 683 4327 Helemberto
707 4261 856 4326 dellorst
878 4264 1051 4345 supradicti
1073 4262 1229 4327 Gerhardi
1251 4264 1370 4328 actoris
1394 4267 1425 4327 et
1446 4255 1549 4325 Nicoltl

230 4370 374 4452 Epielere
407 4372 556 4436 antedicti
590 4424 597 4437 .
633 4421 640 4434 .
673 4370 824 4453 prepositi
859 4375 890 4435 et
924 4373 1105 4436 monasterii
1143 4372 1317 4450 advocatis,
1362 4359 1549 4437 emanet

231 4477 401 4544 Frederico
424 4480 463 4544 de
476 4479 595 4556 Horae,
615 4479 882 4563 (lohannleUrso
904 4481 1064 4549 militibus.
1087 4479 1233 4545 lohanne
1255 4481 1296 4545 de
1319 4480 1547 4554 bummesterm

232 4586 396 4653 Gerhardo
429 4593 459 4652 et
483 4588 670 4654 Hermanno
700 4589 791 4654 dielis
811 4589 936 4671 Staege‚
970 4590 1156 4656 Hermanno
1177 4590 1322 4670 Gamrne¹
1358 4577 1548 4656 Genndoet

231 4692 418 4762 Hennanno
441 4698 481 4761 de
503 4697 623 4778 Linghe
656 4704 688 4763 et
709 4698 779 4763 aliis
801 4717 898 4781 quarn
921 4698 1065 4782 pluribus
1087 4700 1150 4764 fide
1171 4699 1274 4781 dignis
1303 4701 1372 4765 viee
1393 4703 1426 4764 et
1445 4689 1548 4763 ntunisse

231 4803 279 4866 sui
303 4807 487 4870 monasterii
507 4805 656 4888 prelibati
677 4808 823 4890 prestitit,
851 4808 932 4873 sicin
953 4827 1012 4892 per
1033 4807 1251 4874 saccerdotem
1272 4808 1341 4874 lieri
1362 4812 1413 4875 est
1431 4812 1550 4874 comt·

232 4914 311 4978 tum.
354 4912 489 4997 Propter
511 4915 599 4998 quod
620 4936 681 4984 nos
702 4916 826 5000 prelato
847 4917 1043 4983 monasterio
1074 4917 1296 5000 adjudicamus
1322 4921 1356 4985 et
1374 4908 1550 5004 premisl&
