3210 5354
140 279 183 345 38
778 295 847 350 1282

139 461 232 544 positi
254 460 365 527 decani
387 464 419 526 et
440 460 567 543 capituli
588 479 685 543 super
706 461 826 526 eisdem
849 460 1110 544 explicationibus
1142 464 1173 525 et
1203 459 1289 525 ultra
1310 478 1366 542 pro

139 569 217 635 dum
249 569 281 633 in
313 569 396 635 dicto
435 568 624 652 provisionis
664 571 806 652 negocio,
845 574 942 654 prout
976 571 1025 634 ius
1067 571 1200 636 dictaret
1242 570 1366 652 ipsaque

140 677 251 759 quinta
282 675 466 741 continuata
497 675 530 739 in
562 675 673 741 feriam
695 681 819 743 sextam
841 680 1019 761 proximam
1042 678 1305 761 subsequentem,
1334 677 1366 759 ip

138 785 234 850 rardo
256 784 339 850 dicta
359 785 438 850 feria
458 788 549 850 sexta
570 804 629 868 pro
650 804 685 850 se
706 787 915 868 personaliter
936 806 974 853 ac
987 786 1131 853 Amoldo
1147 785 1262 852 clerico
1279 786 1321 851 de
1340 783 1366 847 ll

138 911 197 976 pro
219 891 295 975 ipsis
318 940 325 957 .
349 893 541 976 ‚preposito
575 892 697 958 decano
730 897 762 958 et
791 894 929 976 capitulo
960 914 999 960 ex
1021 896 1122 960 altera
1152 914 1260 961 coram
1283 893 1366 959 nobi

137 999 325 1084 parentibus
352 1000 438 1066 idem
467 999 629 1066 Arnoldus
660 999 798 1065 litteram
833 1003 995 1085 quandam
1029 1003 1089 1068 sub
1122 1001 1221 1087 sigillo
1254 1001 1329 1068 dicti
1362 1026 1366 1062 ι

138 1109 268 1175 ecclesie
289 1110 388 1174 sancti
410 1108 564 1174 lobannis
586 1108 851 1192 osnaburgensis,
882 1115 917 1177 ut
938 1111 1042 1195 prima
1063 1111 1143 1177 facie
1165 1111 1354 1194 apparebat,

137 1215 231 1282 nobis
253 1214 329 1298 legit
350 1220 382 1282 et
402 1217 545 1284 recitavit
565 1218 625 1283 sub
647 1218 708 1285 hac
729 1220 849 1286 torma:
1123 1279 1124 1282 ,

264 1323 449 1391 Honorabili
477 1326 575 1392 viro.
602 1376 609 1392 .
633 1328 755 1393 decano
788 1327 919 1402 ecclesie
951 1334 1062 1395 sancte
1094 1328 1192 1395 Man'e
1224 1329 1268 1395 ad
1301 1348 1366 1412 grai

138 1434 272 1501 Colonia
297 1433 395 1519 judici
423 1434 490 1500 sive
520 1436 681 1501 executori
702 1436 734 1500 in
755 1453 852 1503 causa
872 1436 1059 1520 provisionis
1082 1436 1214 1503 Gerardi
1236 1437 1312 1503 dicti
1333 1437 1366 1502 Sl

138 1542 326 1609 auctoritate
348 1543 521 1627 apostolica
543 1543 751 1627 subdelegato
774 1594 807 1611 ..
830 1546 1010 1629 prepositus
1033 1597 1041 1613 .
1065 1597 1072 1610 .
1095 1546 1236 1611 decanus
1259 1549 1292 1611 et
1314 1565 1366 1630 cap

138 1651 269 1718 ecclesie
290 1653 391 1718 sandi
412 1650 566 1716 iohannis
587 1651 843 1735 Osnaburgensis
866 1653 1002 1743 salutem
1023 1654 1056 1719 in
1079 1654 1226 1721 Domino.
1267 1652 1351 1720 Cum

136 1761 280 1845 predicta
301 1778 398 1826 causa
417 1760 604 1844 provisionis
625 1761 759 1845 proponi
781 1761 948 1828 fecerimus
963 1812 1283 1831 ...........
1290 1764 1317 1848 ¹)
1338 1783 1366 1828 ni

136 1869 338 1952 exceptiones
369 1868 525 1950 legitimas
557 1887 666 1934 coram
700 1870 805 1954 [vobis
838 1872 964 1957 contra]
995 1874 1138 1937 vestmm
1170 1890 1359 1956 processum

42 1970 46 1975 ’
135 1979 269 2060 apparet
290 1994 348 2059 per
365 1976 439 2060 jura
459 1975 503 2040 ad
524 1977 609 2059 ipsas
632 2027 939 2046 ...........
944 1982 969 2064 ¹)
992 1981 1134 2064 predicte
1156 1979 1363 2064 exceptiones

135 2101 195 2167 per
227 2077 335 2165 aliqua
364 2083 438 2165 jura
468 2081 608 2147 recusari
639 2085 771 2167 possint,
805 2086 950 2168 quamvis
976 2093 1108 2171 aparte
1135 2090 1273 2155 adversa
1295 2092 1366 2153 cont

137 2191 277 2275 quedam
294 2183 403 2256 frivole
419 2187 601 2279 [sententie]
618 2192 882 2277 propo[nuntur],
905 2212 968 2275 que
989 2213 1056 2260 non
1076 2195 1184 2261 valent
1206 2215 1266 2261 uec
1283 2215 1366 2262 vosr

137 2298 266 2377 debent,
298 2317 359 2363 nec
390 2299 498 2364 obstat
530 2299 632 2383 [quin
665 2303 700 2364 ut
720 2295 800 2387 jam]
834 2299 946 2365 dicitur
967 2306 1100 2385 aparte
1128 2303 1275 2382 adversa,
1310 2323 1366 2386 quc

136 2426 201 2472 non
224 2407 324 2472 simus
346 2407 495 2472 audiendi
518 2409 593 2491 quia
614 2404 701 2496 [nos]
724 2407 935 2474 credebamus
955 2429 1016 2476 nos
1037 2414 1186 2494 gravatos
1216 2430 1276 2495 per
1297 2431 1366 2496 pro<

137 2520 287 2594 vestrum,
321 2516 520 2582 debebamus
551 2516 633 2581 infra
665 2517 855 2583 decendium
876 2536 896 2582 a
916 2521 1063 2602 tempore
1094 2518 1170 2584 illati
1200 2520 1366 2601 gravamin

137 2629 282 2707 tempore
303 2625 418 2690 noticie
439 2623 628 2708 appellasse,
651 2624 726 2707 quia
747 2624 852 2690 adhuc
872 2644 938 2690 non
960 2628 1009 2690 est
1031 2626 1095 2690 lata
1107 2624 1344 2691 interlocutoria

136 2751 249 2816 aqua,
270 2733 297 2800 si
310 2751 516 2814 gravaremur
532 2731 681 2812 indebite,
704 2752 762 2816 per
783 2751 853 2797 eam
870 2751 1042 2815 possumus
1057 2731 1138 2797 intra
1160 2736 1289 2817 tempus
1308 2734 1366 2817 legi

136 2842 319 2927 appellare3
351 2846 498 2926 preterea
533 2842 654 2907 eisdem
687 2842 925 2926 exceptionibus
951 2860 1018 2906 non
1039 2841 1265 2907 renunciamus
1287 2843 1346 2909 scd

135 2953 275 3017 sistimus
296 2953 427 3017 omnino
449 2956 481 3017 et
502 2952 648 3018 insistere
680 2952 836 3031 volumus,
870 2969 1006 3035 quarum
1039 2953 1132 3016 tenor
1164 2949 1236 3016 talis
1264 2955 1331 3016 est:
1365 2979 1366 2990 ¹

136 3060 225 3125 vobis
258 3058 387 3124 domine
409 3110 417 3125 .
441 3110 449 3125 .
473 3060 593 3125 demus
627 3061 758 3125 ecclesie
791 3062 900 3124 sancte
922 3058 1021 3123 Maria
1053 3058 1096 3123 ad
1128 3060 1247 3141 gradus
1279 3060 1312 3124 in
1341 3059 1366 3125 C

137 3168 191 3250 qui
222 3186 280 3232 vos
313 3166 412 3232 dicitis
440 3167 580 3251 judicem
613 3168 679 3233 sive
711 3171 915 3233 executorem
948 3167 980 3231 in
1012 3184 1110 3231 causa
1142 3167 1366 3250 provisionis(

135 3275 209 3341 dicti
230 3274 385 3340 Stalbuch
417 3276 604 3341 auctoritate
638 3275 811 3359 apostolica
842 3273 1096 3356 subdelegatum,
1130 3294 1189 3357 ego
1221 3274 1366 3340 Godeirid

134 3381 325 3447 Valebracht
360 3383 491 3448 clericus
527 3385 716 3465 procurator
753 3381 980 3447 venerabilium
1016 3384 1156 3447 virorum
1192 3383 1366 3449 dominoru

135 3491 287 3575 prepositi
309 3542 316 3557 .
340 3543 348 3557 .
370 3491 482 3556 decani
515 3495 547 3555 et
582 3490 708 3574 capituli
743 3491 874 3556 ecclesie
906 3489 1008 3555 saneti
1040 3489 1194 3555 lobannis
1225 3490 1366 3557 Osnabu

136 3601 355 3684 procuratorio
385 3599 515 3665 nomine
545 3600 721 3665 eorundem
749 3599 809 3663 bas
838 3600 1041 3682 exceptiones
1062 3602 1174 3664 contra
1195 3600 1366 3666 formam<

135 3727 262 3774 cessum
292 3708 480 3792 provisionis
512 3707 644 3772 Gerardi
678 3707 751 3772 dicti
772 3706 924 3772 Stalbuch
957 3708 997 3772 de
1019 3707 1192 3773 Tremonia
1225 3709 1329 3775 clerici
1361 3711 1366 3775 i

135 3819 258 3902 scriptis
287 3836 452 3901 propono:
479 3817 582 3900 primo
612 3816 681 3880 dico
704 3818 736 3879 et
758 3814 943 3897 excipiendo
965 3834 1112 3899 propono
1133 3819 1246 3882 contra
1269 3818 1366 3884 dictur

135 3945 271 4006 cessum,
302 3926 389 4008 quod
410 3924 516 3990 nullus
538 3928 586 3990 est
607 3924 676 4005 ipso
697 3922 765 3987 iure
786 3941 845 4005 pro
868 3923 1017 4006 eoquod
1039 3972 1271 3991 ........
1293 3922 1363 4014 [de]

135 4035 252 4101 scilicet
272 4033 443 4116 melianus
474 4032 593 4099 ordinis
624 4032 758 4096 fratrum
780 4031 950 4108 minorum,
985 4032 1170 4097 scolasticus
1202 4037 1235 4096 et
1266 4034 1366 4098 tbesai

136 4145 267 4211 ecclesie
289 4142 555 4224 osnaburgensis,
588 4141 668 4206 sicut
701 4136 863 4228 [dominus
894 4139 994 4223 papa]
1027 4139 1206 4223 specialiter
1239 4141 1285 4206 eis
1319 4161 1366 4207 cor

136 4253 280 4319 sollerter
301 4271 366 4317 non
390 4251 617 4334 inquisivenmt
639 4249 680 4314 de
701 4247 942 4313 conversatione
964 4251 996 4311 et
1016 4248 1200 4331 ydoneitate
1223 4248 1324 4331 ipsius
1344 4248 1366 4314 G

135 4364 193 4428 sed
215 4361 398 4445 simpliciter
419 4359 508 4425 vobis
532 4407 720 4424 .......
737 4356 963 4422 commiserunt
985 4375 1044 4421 nec
1065 4375 1123 4422 vos
1144 4376 1203 4440 per
1225 4359 1366 4424 commis

135 4470 227 4536 vobis
258 4470 376 4535 tactam
406 4519 414 4534 .
443 4513 894 4534 ...............
923 4464 1093 4546 inquirere,
1125 4484 1190 4547 que
1222 4465 1300 4548 ipsis
1334 4468 1366 4534 dc

52 4556 59 4569 ¹
135 4578 313 4663 specialiter
341 4581 434 4643 erant
462 4576 632 4642 oommbsa
661 4573 736 4658 quia
756 4592 844 4639 rescr
865 4621 1221 4640 ............
1243 4578 1365 4641 suntu

134 4706 194 4772 per
225 4685 418 4752 decretalem
451 4684 587 4751 litteram
620 4684 661 4749 de
693 4683 796 4749 officio
826 4732 834 4748 .
864 4732 872 4747 .
905 4732 944 4748 ..
975 4699 1063 4764 cap:
1095 4679 1280 4761 „Quoniam
1313 4703 1366 4770 ap(

134 4797 266 4874 sedes“;
287 4793 314 4859 si
334 4795 444 4860 autem
467 4841 600 4858 .....
622 4789 764 4857 secrmdo
786 4789 857 4856 dico
878 4793 912 4856 et
932 4808 1077 4874 propono
1101 4840 1109 4854 .
1207 4791 1279 4859 sine
1300 4797 1366 4881 prej

135 4902 225 4989 qnod
245 4902 307 4970 bec
327 4901 418 4968 vobis
438 4900 627 4986 potuissent,
649 4945 784 4965 .....
805 4902 916 4965 umen
944 4916 1002 4965 vos
1029 4899 1211 4969 medaea
1235 4921 1366 4988 procem
