3210 5354
791 312 860 366 1283
1455 297 1497 364 75

177 478 236 539 esset
255 476 385 541 evidens
404 478 588 560 juramento
610 479 650 544 ad
673 482 800 545 sanctos
822 479 1030 558 confirmavit,
1059 499 1096 544 ac
1125 480 1220 545 etium
1248 479 1290 543 ob
1320 480 1496 545 remedium

177 587 255 649 anime
285 603 343 649 sue
375 585 491 667 legavit
523 588 654 653 contulit
686 591 718 652 et
750 589 920 669 resignavit
953 588 983 651 in
1017 606 1132 652 manus
1154 590 1279 652 nostras
1302 588 1382 653 duas
1404 607 1497 652 areas

178 713 295 758 aarum
328 714 401 760 curn
434 695 516 777 agris
550 697 615 760 suis
648 699 680 760 et
710 695 778 761 aliis
809 694 982 760 attinentiis
1005 696 1096 779 juxta
1119 695 1223 759 villam
1246 695 1442 779 Stenbelre¹)
1465 696 1494 759 in

179 802 315 883 parrochia
328 801 429 881 Reice,
453 822 514 887 que
537 823 611 869 eum
631 806 703 887 jure
725 804 916 869 hereditario
939 803 1145 886 contigerant,
1168 804 1210 868 ad
1232 823 1309 867 usus
1331 803 1496 886 hospitalis

179 911 251 976 sancti
271 911 405 995 Spin'tus
426 912 692 996 Osnaburgensis,
725 933 787 998 que
817 915 995 996 provisores
1027 913 1099 978 dicti
1121 912 1284 995 hospitalis
1307 910 1495 976 Wilhelmus

178 1019 322 1104 presbyter,
355 1019 515 1085 Svederus
545 1020 673 1100 iudicis,
706 1020 910 1086 Bernhardus
937 1019 1125 1103 Cupritaber
1158 1024 1189 1084 ct
1217 1019 1422 1084 Bernhardus
1454 1018 1495 1083 de

179 1127 293 1194 Anubem
324 1149 344 1196 a
375 1130 467 1195 nobis
497 1134 529 1195 et
558 1131 600 1195 ab
622 1131 691 1214 ipso
712 1131 874 1196 Alberone
897 1133 1116 1213 susceperunt.
1160 1128 1206 1193 Ex
1228 1129 1364 1193 adverso
1386 1131 1494 1193 autem

180 1239 324 1320 conparuit
346 1238 536 1304 lambertus
569 1238 651 1304 lilius
683 1237 770 1304 fatris
802 1239 849 1302 sui
882 1237 1102 1303 contradicens
1126 1235 1199 1300 huic
1220 1234 1369 1318 legationi
1391 1239 1423 1299 et
1445 1255 1494 1300 re·

178 1344 323 1427 signationi,
346 1346 454 1412 dicens
476 1367 512 1412 se
535 1367 606 1412 esse
630 1365 742 1412 verum
763 1346 916 1411 heredem
930 1345 1099 1412 Alberonis
1120 1345 1260 1428 predicti.
1284 1344 1354 1423 Qua
1368 1349 1495 1410 contra·

178 1452 283 1520 dictione
315 1455 415 1520 tribus
448 1454 590 1519 terminis
624 1454 782 1533 ventilata,
821 1456 874 1538 qui
907 1454 996 1540 eptbe
1028 1454 1175 1540 vripdc'ne
1207 1454 1419 1538 appellantur,
1453 1456 1495 1520 ad

178 1558 291 1627 viduum
323 1562 482 1627 sententia
514 1560 664 1642 dictante,
699 1581 796 1646 quam
818 1563 1028 1645 wigmannus
1051 1564 1091 1628 de
1114 1563 1250 1628 Loveslo
1282 1563 1494 1645 interrogatus

178 1671 284 1750 protulit,
317 1674 349 1735 et
369 1670 411 1735 ab
434 1672 583 1737 omnibus
615 1675 689 1736 tunc
722 1672 922 1754 presentibus
954 1673 1133 1756 approbata
1162 1675 1216 1756 jus
1238 1676 1285 1736 est
1297 1671 1493 1737 ‘attributum

176 1773 292 1861 hospitali
313 1783 502 1845 memorato.
547 1779 613 1844 Nos
645 1798 774 1864 quoque
806 1781 1006 1846 collationem
1037 1785 1068 1845 et
1098 1781 1343 1862 resignationem
1366 1783 1492 1858 iactam,

176 1887 228 1967 poia
242 1892 323 1972 justa
345 1893 424 1966 erat,
447 1888 556 1953 banno
578 1889 664 1970 regio
686 1889 954 1968 confirmavimus,
987 1891 1148 1955 mittentes
1170 1890 1349 1973 provisores
1372 1909 1495 1954 memo·

175 1997 236 2060 ratos
254 1998 283 2063 in
304 1997 542 2081 possessionem
577 2014 684 2061 rerum
718 1998 777 2062 sibl
806 1998 948 2081 legaliter
970 2000 1155 2080 legatarum.
1200 1999 1352 2082 Idemque
1374 1999 1494 2064 Albero

175 2107 360 2186 postmodum,
391 2110 427 2171 ut
455 2106 661 2171 commodum
686 2106 726 2171 de
747 2107 902 2172 beneficio
925 2107 1095 2173 liberaliter
1117 2109 1201 2173 tacto
1222 2111 1409 2191 reportaret,
1442 2127 1493 2171 re-

175 2216 257 2294 ceptos
287 2218 337 2280 est
368 2216 410 2281 ad
443 2214 601 2298 hospitale
631 2215 832 2297 prelibatum.
877 2216 970 2293 Quod
992 2236 1051 2282 nos
1073 2215 1172 2298 sigillo
1195 2221 1305 2281 nostro
1332 2235 1490 2281 unacum

175 2315 247 2398 sigillo
275 2323 408 2388 civitatis
441 2322 697 2406 Osnahurgensls
731 2323 880 2388 duximus
912 2326 1163 2408 protestandum.
1207 2326 1286 2390 Acta
1323 2330 1398 2389 sunt
1432 2325 1492 2390 hec

174 2428 234 2506 apud
252 2430 482 2508 Sunnelsbeke,
515 2449 600 2496 anno
623 2430 747 2496 Domini
770 2432 1071 2513 M⁰CC⁰LXXXlll⁰,
1106 2434 1183 2497 seria
1213 2435 1304 2498 tertia
1333 2436 1407 2517 post
1427 2432 1492 2497 Re-

174 2536 242 2618 migii,
259 2539 462 2624 presentibus
491 2540 555 2605 filio
585 2544 695 2604 nostro
718 2540 864 2621 Hugonc,
900 2543 1005 2607 liberis
1037 2548 1145 2607 nostre
1178 2541 1261 2606 sedis
1283 2541 1429 2606 lohanne
1451 2541 1492 2607 de

174 2638 331 2726 holthusen,
365 2646 521 2725 lohanne,
557 2646 736 2714 Walderico
764 2651 804 2715 de
827 2652 1007 2734 Ostringen,
1041 2651 1224 2715 Everhardo
1254 2655 1285 2715 et
1307 2651 1491 2716 Everhurdo

174 2747 201 2813 de
224 2753 411 2838 liutbergen,
446 2756 582 2821 Henrico
617 2757 657 2821 de
690 2758 861 2837 Muchorst‚
900 2759 1062 2825 Absolone
1096 2760 1136 2824 de
1181 2759 1299 2824 Bersen
1339 2759 1491 2841 magistro

174 2858 267 2941 civium,
289 2863 433 2928 Arnoldo
457 2864 597 2944 Dunker,
627 2865 820 2948 Wigmanno
843 2868 882 2932 de
905 2867 1049 2945 Loveslo,
1081 2867 1246 2932 Gerhardo
1269 2869 1308 2933 de
1331 2866 1491 2948 Poghem·

174 2962 237 3051 borg,
264 2972 411 3037 lohanne
443 2972 483 3037 de
506 2972 681 3056 Hopseten,
714 2974 851 3041 Henrico
881 2975 921 3040 de
944 2976 1075 3041 Dissene
1103 2977 1250 3054 scabinis,
1283 2976 1419 3041 Henrico
1450 2977 1490 3042 de

175 3068 310 3158 diugbelo,
344 3078 482 3144 Henrico
505 3080 689 3159 Hasselrinc,
722 3083 867 3150 lohanne
890 3087 1003 3164 Lusco,
1035 3085 1149 3164 Ellero,
1184 3086 1332 3152 Conrado
1355 3086 1489 3165 medico,

176 3177 306 3253 berhardo
337 3187 378 3252 de
400 3187 592 3269 Molendino,
626 3191 772 3257 iohanne
794 3193 834 3257 dc
857 3194 934 3271 Lon,
968 3193 1104 3259 Henrico
1133 3194 1337 3277 apothecario
1365 3199 1397 3261 et
1422 3195 1490 3259 aliis

177 3296 411 3379 quampluribus
433 3298 542 3380 probis
565 3303 596 3363 et
618 3299 681 3364 tide
704 3300 817 3382 dignis.

272 3452 363 3521 uerbo
386 3453 494 3540 &teget
516 3453 577 3531 ttub
600 3454 771 3539 obgeloiieu.

254 3635 273 3700 ¹)
291 3634 438 3703 &reinbern
455 3634 541 3706 urtpt.
562 3637 648 3703 bledo,
665 3638 711 3695 tir.
731 3637 916 3710 ceppenberg.

178 4085 393 4185 'ib-1283,
415 4104 550 4179 Dttrtcr
574 4108 625 4180 15.

310 4238 425 4323 tliltboi
449 4239 571 4309 donrob
595 4262 652 4309 oon
675 4242 847 4309 Dorrcbrtid
870 4243 1000 4325 oertouit
1022 4244 1076 4309 tuit
1096 4244 1302 4330 goltimmuup
1325 4247 1377 4312 beo
1396 4246 1490 4313 bom:

309 4344 445 4427 iupiteto,
467 4350 518 4414 ber
530 4347 761 4428 litiniitecioten,
776 4351 826 4414 ber
842 4349 962 4435 trutger
985 4351 1044 4417 unt
1067 4353 1117 4418 ber
1133 4351 1266 4433 ethereo
1288 4355 1351 4420 bem
1368 4353 1490 4438 iitupct

310 4454 437 4538 Sopatro
460 4474 518 4522 oon
541 4456 690 4540 bboruete
714 4458 775 4523 oter
798 4456 929 4542 litorpeu
952 4459 1091 4526 iteotuub
1114 4459 1168 4542 ool
1190 4462 1253 4527 bem
1275 4461 1459 4543 doeroietbe.

407 4586 555 4661 Driglnol:
576 4589 762 4660 &obtemptu

270 4704 435 4771 Corradus
458 4724 486 4772 u.
511 4706 532 4788 Ῑ.
555 4726 593 4775 to.
617 4709 671 4775 roic
694 4710 726 4776 io
748 4708 804 4776 iit.
830 4710 898 4774 101.
922 4710 1074 4777 Noverint
1099 4749 1140 4759 -
1163 4713 1249 4795 quod
1271 4733 1330 4780 nos
1351 4715 1488 4781 lohanni

178 4791 237 4909 lilio
253 4811 289 4878 de
311 4813 474 4881 Thorncte
507 4817 564 4881 civi
592 4817 830 4899 osnaburgensi
863 4824 998 4903 quatuor
1025 4823 1138 4905 jugera
1170 4827 1253 4887 terre
1284 4823 1399 4888 inculte
1429 4824 1489 4890 sita

178 4917 310 5006 llumpo
332 4925 385 5007 qui
407 4923 570 4990 Eversvelt
591 4925 703 4991 dicitur
724 4962 764 4972 —
786 4946 845 5010 pro
867 4927 1033 4994 duodecim
1057 4931 1170 4995 niarcis
1188 4966 1218 4976 -
1234 4930 1488 4997 -vendidimus
