3210 5354
773 325 840 380 129⁶
1410 305 1471 372 281

255 489 418 556 Universis
450 491 611 575 presentia
644 492 755 557 visuns
800 510 858 558 nos
891 491 1044 556 liebertus
1088 511 1195 558 comes
1239 491 1279 556 de
1314 490 1473 557 Benthem

157 598 389 681 cognoscimus
411 598 535 681 publice
557 602 781 681 protestantes,
806 601 892 684 quod
905 619 976 665 eum
989 599 1342 682 consensuHadewigis
1364 598 1475 665 uxoris

157 709 251 783 stre,
287 705 413 771 Ottonis
446 711 478 772 et
509 707 644 773 aliorum
677 707 813 774 illiorum
846 712 1029 774 nostrorum
1055 728 1093 774 ac
1114 709 1258 775 omnium
1280 707 1475 774 coheredum

157 819 315 882 istrorum
349 835 408 882 nec
441 836 506 882 non
541 817 582 882 de
614 821 797 883 nostrorum
821 868 828 884 .
852 869 859 884 .
882 819 1091 884 castrensium
1124 817 1254 884 consilio
1288 817 1474 883 dilectorum

157 923 228 990 »ido
256 927 375 990 ,nostro
405 925 574 1009 Scuttorpe
616 924 795 991 libertatem
828 925 1037 1008 subscriptam
1083 927 1273 993 contulimus
1315 926 1477 1010 perpetuis

157 1032 333 1116 mporibus
355 1033 573 1114 obtinendam,
596 1032 741 1099 uidelicet
763 1033 851 1116 quod
862 1033 963 1100 incole
982 1036 1049 1118 jam
1066 1034 1288 1118 dictiopidiab
1311 1035 1476 1100 exactione

157 1139 279 1205 ralibet
312 1139 374 1205 sint
406 1142 554 1225 exempti.
605 1140 684 1207 item
719 1141 912 1207 contulimus
945 1143 1064 1208 eisdem
1099 1142 1208 1209 incolis
1241 1162 1299 1210 seu
1331 1141 1477 1226 opidanis

157 1250 250 1315 >stris
284 1249 523 1316 emolimentum
555 1269 613 1315 seu
647 1250 769 1316 lucrum
798 1250 905 1343 judicii
940 1251 1037 1316 nostri
1069 1249 1208 1315 totaliter
1239 1251 1272 1314 in
1298 1249 1476 1333 Scuttorpe,

157 1363 242 1424 reter
264 1357 390 1423 tertiam
411 1361 535 1441 partem
559 1359 753 1424 emolimenti
775 1359 898 1443 prelati,
931 1377 1028 1443 quam
1049 1358 1142 1424 nobis
1164 1359 1308 1444 ajudlee
1330 1359 1476 1425 volumus

157 1467 322 1544 esentari,
355 1467 566 1532 asscribentes
599 1468 691 1533 nobis
712 1471 859 1552 preterea
891 1487 988 1535 omne
1022 1467 1263 1533 emolimentum
1296 1469 1329 1532 et
1353 1466 1478 1531 lucrum

157 1593 315 1654 rusarunr,
338 1593 401 1658 que
418 1574 533 1640 luerint
550 1574 661 1658 gladiis
683 1580 823 1642 execute.
861 1575 1061 1642 Contulimus
1083 1577 1178 1642 etiam
1196 1577 1251 1656 eis,
1274 1576 1361 1660 quod
1376 1575 1478 1641 incole

157 1685 233 1749 »sius
257 1683 353 1766 opidi,
386 1684 605 1768 cujuscunque
638 1685 752 1750 luerint
785 1685 987 1764 condicionis,
1021 1685 1214 1751 hereditates
1244 1705 1354 1751 eorum
1377 1685 1478 1750 dictas

157 1779 304 1874 algariter
336 1791 538 1876 wicbaldeput
580 1793 644 1866 suis
676 1791 847 1858 heredibus
880 1793 1024 1859 conterre
1059 1797 1210 1877 poterunt
1234 1793 1424 1858 hereditarie
1447 1795 1479 1857 et

157 1901 315 1984 elinquere
345 1902 418 1984 jure
452 1901 550 1966 salvo.
595 1899 689 1978 Quod
723 1900 876 1966 siminus
905 1900 1085 1981 habuerint,
1118 1901 1203 1966 dicta
1223 1901 1384 1965 hereditas
1405 1904 1479 1984 post

157 2028 244 2074 rrum
267 2009 391 2074 obitum
423 2009 517 2075 nobis
549 2028 607 2074 seu
641 2012 751 2075 nostro
767 2004 882 2074 'dehet
913 2010 1027 2074 cedere
1050 2009 1233 2076 successori.
1278 2008 1479 2075 Contulimus

157 2115 358 2182 ichilominus
391 2116 477 2200 ipsis,
511 2117 598 2201 quod
633 2117 779 2182 homines
812 2121 992 2182 asserentes
1025 2137 1060 2182 se
1093 2117 1213 2183 habere
1245 2118 1377 2183 liberam
1403 2137 1480 2183 con·

157 2224 303 2301 icionem,
326 2224 353 2288 si
373 2223 407 2288 in
429 2223 621 2309 dictoopido
634 2212 1091 2309 Scuttorpesuscepti'luerint
1113 2246 1171 2309 pro
1193 2225 1339 2310 opidanis
1361 2226 1479 2293 ibidem

157 2352 335 2399 crannum
358 2337 390 2398 et
411 2332 608 2417 septimanas
630 2353 687 2398 sex
709 2334 832 2418 absque
854 2335 1056 2418 impeticione
1081 2334 1221 2416 legitima
1243 2337 1480 2418 permanentes,

157 2459 196 2506 »ro
227 2441 333 2507 liberis
366 2441 512 2525 opidanis
545 2443 676 2507 ulterius
710 2443 925 2521 habebuntur,
969 2443 1145 2508 dummodo
1177 2444 1270 2508 nohis
1302 2447 1334 2508 et
1365 2443 1481 2508 nostris

157 2550 381 2630 accessoribus,
410 2550 590 2616 castellanis
612 2570 648 2617 ac
672 2552 927 2618 ministerialibus
949 2553 1065 2618 uostn's
1087 2554 1254 2618 occasione
1273 2553 1353 2636 juris
1375 2552 1481 2635 cujus·

157 2675 262 2745 unque
284 2680 350 2726 nou
373 2659 488 2725 luerint
510 2661 649 2742 obligati.
693 2659 868 2725 Statuimus
891 2661 986 2726 etiam
1010 2662 1066 2740 eis,
1089 2661 1175 2744 quod
1197 2662 1223 2725 si
1239 2660 1386 2726 homines
1408 2659 1482 2725 dicti

157 2765 284 2853 brulgo
310 2767 547 2835 reicbeldeelude
581 2772 670 2834 extra
692 2769 822 2852 opidum
853 2769 970 2834 luerint
998 2771 1111 2835 morati
1133 2789 1219 2835 anuo
1240 2789 1306 2835 uno
1331 2771 1363 2834 et
1385 2769 1482 2852 septi-

157 2877 240 2942 manis
260 2896 319 2943 sex
340 2896 379 2942 ac
400 2878 431 2942 in
453 2878 540 2943 nullo
562 2878 625 2943 alio
647 2877 743 2960 opido
756 2877 875 2960 recepti
898 2878 1021 2961 absque
1044 2896 1176 2942 suorum
1199 2896 1358 2943 consensu
1380 2876 1482 2943 domi·

158 2998 251 3050 nomm
272 2985 394 3051 servilis
416 2985 608 3052 condicionis
631 2983 732 3069 tytulo
755 2985 874 3050 eisdem
897 2984 1037 3050 dominis
1059 2985 1273 3069 pertinebunt.
1305 2985 1483 3050 Statuimus

160 3086 275 3176 insuper,
298 3093 386 3178 quod
409 3093 541 3178 quilibet
563 3092 686 3157 habens
709 3091 854 3156 homines
877 3093 907 3156 in
930 3093 1026 3176 opido
1044 3094 1207 3178 sepedicto
1229 3094 1287 3159 sihi
1307 3097 1379 3179 jure
1401 3095 1484 3160 dicto

162 3199 329 3268 homicide
342 3200 484 3268 rechtene
504 3201 710 3285 pertinentes,
728 3205 801 3284 post
834 3220 945 3266 eorum
965 3201 1130 3267 decessum
1146 3203 1287 3286 requiret
1308 3202 1483 3268 eorundem
1533 3280 1539 3291 Ι

162 3299 330 3378 hereditates
352 3328 459 3376 coram
479 3309 597 3394 judicio
619 3309 787 3393 Scuttorpe
820 3314 853 3375 et
885 3330 949 3376 non
973 3312 1060 3392 alias,
1094 3332 1157 3395 que
1179 3311 1382 3392 hereditates,
1417 3312 1486 3378 sia

163 3413 211 3482 viro
239 3420 399 3497 cesserint,
442 3420 535 3483 erunt
567 3422 682 3496 vestes,
728 3419 844 3500 quibus
876 3419 908 3483 in
941 3420 1027 3485 iestis
1072 3419 1349 3505 sollempnioribus
1382 3422 1487 3487 suevit

164 3526 302 3594 amatam
324 3527 452 3592 visitare
475 3530 507 3590 et
529 3526 641 3591 melior
665 3546 766 3610 equus
790 3529 858 3611 ejus
889 3547 961 3594 cum
984 3548 1114 3595 carruca
1136 3534 1168 3594 et
1190 3529 1332 3613 ejusdem
1357 3547 1486 3595 carruce

164 3627 252 3703 debitis
272 3635 491 3702 instnrmentis
513 3654 550 3700 ac
573 3635 771 3700 marsubium
794 3656 867 3702 cum
890 3639 990 3703 trihus
1013 3638 1125 3718 ohulis,
1147 3638 1173 3702 si
1195 3656 1302 3703 rerum
1324 3638 1483 3721 predicta-

164 3752 215 3809 ssln
234 3765 400 3830 possessor
422 3744 532 3825 extitit,
557 3764 656 3828 quum
679 3745 763 3809 vixit.
794 3744 911 3810 Verum
934 3746 960 3809 si
982 3746 1052 3810 talis
1070 3746 1228 3812 decedens
1243 3746 1336 3811 luerit
1352 3745 1482 3825 femina,

165 3854 244 3918 reses
264 3855 381 3940 quibus
403 3854 538 3920 sericum
561 3853 610 3919 vel
632 3872 747 3919 aurum
770 3853 862 3920 luerit
884 3873 1063 3938 appensum
1092 3875 1163 3921 cum
1186 3856 1288 3921 ircinis
1311 3855 1438 3935 calceis,
1459 3855 1487 3920 si

166 3952 351 4044 blahahuit,
374 3965 415 4029 ab
433 3964 545 4055 eadem
561 3963 786 4028 tautummodo
802 3963 1011 4046 requirentur.
1047 3962 1134 4041 Quas
1156 3963 1349 4031 hereditates
1371 3964 1486 4030 harum

166 4075 306 4139 ltssersor
339 4091 374 4137 se
406 4072 543 4156 legitime
574 4074 786 4156 presentasse,
820 4071 846 4135 si
868 4069 1040 4154 requisitus
1071 4070 1165 4136 luerit
1187 4090 1295 4136 coram
1314 4071 1432 4155 judicio
1453 4071 1486 4136 in

166 4164 430 4266 &estepanum
444 4180 541 4246 tercia
564 4179 773 4246 confirmabit.
809 4179 959 4244 Preterea
981 4178 1210 4257 constituimus,
1234 4179 1322 4262 quod
1338 4174 1485 4244 hemines

166 4291 220 4349 lliu
237 4289 326 4372 lignis
348 4293 380 4355 et
401 4290 509 4355 mirica
531 4289 695 4354 venientes
717 4287 798 4353 infra
820 4291 923 4353 metas
939 4286 1091 4352 libertatis
1109 4287 1184 4352 sitas
1199 4289 1291 4371 juxta
1306 4287 1484 4372 Scuttorpe,

167 4382 198 4449 ab
220 4396 469 4464 antecessoribus
501 4397 617 4463 nostris
647 4401 679 4461 et
699 4396 792 4462 nobis
813 4397 952 4462 indultas
985 4396 1026 4460 ab
1048 4395 1237 4479 inpeticione
1260 4395 1402 4480 qualibet
1423 4397 1487 4462 sint

168 4497 246 4570 stituli.
288 4505 401 4572 Preter
421 4507 579 4590 predictas
600 4506 761 4572 libertates
784 4511 815 4572 et
838 4506 1030 4572 donaciones
1053 4504 1206 4589 speciales
1235 4505 1369 4571 anobis
1390 4505 1486 4590 opido

169 4613 433 4698 numScuuorpe
454 4619 609 4699 perpetue
631 4634 799 4682 concessas
822 4614 916 4699 hujus
938 4614 1022 4698 opidi
1045 4613 1155 4679 incolis
1177 4613 1386 4680 donacionem
1409 4632 1487 4679 con-

170 4705 272 4788 lllinus
292 4722 485 4807 generalem,
507 4723 623 4789 scillcet
644 4725 680 4788 ut
701 4722 816 4788 eodem
835 4725 906 4807 jure
929 4727 960 4787 et
974 4721 1065 4787 simili
1086 4722 1244 4803 libertate,
1267 4721 1382 4806 quibus
1404 4722 1488 4787 cives

172 4816 274 4896 imas
294 4831 477 4900 hionasterii
508 4835 650 4912 utuntur,
683 4832 714 4897 in
747 4835 938 4916 perpetuum
971 4832 1145 4915 pociantur,
1178 4831 1294 4899 nostris
1325 4832 1435 4896 tamen
1456 4833 1489 4895 et

174 4917 298 5008 haedum
319 4944 504 5009 newemm
522 4939 647 5023 Juribus
669 4943 735 5006 tam
757 4942 788 5005 in
811 4943 902 5024 parte
923 4959 1021 5025 quam
1043 4940 1075 5004 in
1092 4943 1161 5007 toto
1178 4941 1309 5006 minime
1321 4936 1486 5004 derelictis.
