3210 5354
709 319 780 375 1283
1370 310 1414 376 63

196 482 261 549 Nos
282 481 452 549 Corradus
473 482 531 548 Dei
552 485 654 566 gratia
677 484 933 570 Osnaburgensis
966 490 1133 574 episcopus
1167 491 1316 557 omnibus
1341 511 1416 575 pre·

143 590 177 656 tia
201 591 314 656 visuris
346 594 458 657 notum
494 611 565 657 esse
599 593 754 677 cupimus,
788 596 875 678 quod
897 595 973 663 Otto
1004 598 1095 663 miles
1127 598 1228 664 diuus
1255 598 1354 684 Proyt
1383 603 1416 665 et

143 699 484 767 rsuaWendelmodis
505 720 578 767 enm
600 702 664 768 filio
687 721 746 770 suo
765 702 911 770 iohanne
933 706 1090 772 decimam
1112 707 1145 772 in
1159 706 1294 792 Drele‚¹)
1316 725 1415 792 quam

143 809 214 875 robis
242 810 275 876 in
309 809 404 876 feodo
435 813 615 890 tenuerant,
647 812 679 877 in
709 831 825 878 manus
854 815 980 879 nostras
1006 813 1246 897 resignaremnt
1266 819 1415 907 rogantes

143 924 195 1001 ote,
215 920 366 1006 quatinus
386 922 614 1005 proprietatem
636 921 781 1006 ejusdem
804 922 927 987 decime
940 922 1110 988 conventui
1125 923 1158 987 in
1175 922 1415 1007 Bersenbmcge

143 1029 213 1095 terre
233 1030 448 1114 dignaremur.
470 1029 552 1097 Nam
575 1031 659 1096 idem
682 1034 858 1097 conventus
881 1030 968 1095 dedit
985 1050 1044 1114 pro
1060 1030 1130 1114 ipsa
1145 1029 1270 1096 decima
1285 1030 1415 1098 domino

143 1140 180 1204 >ni
205 1137 302 1223 Proyt
329 1137 400 1204 xL·
432 1139 514 1204 duas
545 1157 679 1206 marcas.
722 1138 789 1205 Nos
823 1138 916 1222 igitur
946 1138 1095 1222 precibus
1127 1139 1259 1222 predicti
1290 1140 1416 1206 Ottonis

143 1246 324 1332 ytinclinati
344 1248 573 1331 proprietatem
605 1248 766 1333 sepedicto
796 1247 918 1313 decime
947 1246 1073 1313 filiabus
1099 1245 1216 1312 nostris
1237 1249 1416 1331 predssectis

144 1358 267 1424 reximus
296 1357 534 1442 imperpetuum
565 1355 803 1442 possidendam.
847 1354 886 1419 Et
919 1355 1033 1439 nequis
1065 1354 1150 1420 hanc
1182 1356 1414 1423 ordinationem

144 1467 211 1531 tram
249 1469 415 1550 presumat
453 1484 534 1532 ausu
573 1464 743 1530 temerario
774 1463 902 1542 violare,
942 1463 1041 1546 sigillo
1080 1466 1191 1529 nostro
1231 1468 1415 1547 presentem

144 1573 218 1638 mam
264 1573 414 1639 duximus
461 1573 633 1641 affimrare.
688 1571 806 1638 Datum
849 1571 1113 1655 Quakenbmcge,
1160 1591 1247 1638 anno
1290 1573 1416 1639 Domini

144 1680 391 1762 {Cllfflllllt
428 1680 500 1747 v11⁰
532 1681 695 1748 Kalendas
725 1681 818 1762 lunii,
854 1681 1056 1765 presentibus
1090 1681 1259 1749 Lodewico
1291 1682 1415 1763 Haben,

144 1789 220 1858 berto
250 1792 292 1858 de
322 1792 456 1875 Lingen,
487 1791 606 1857 Ottone
628 1790 735 1876 Propi,
767 1790 915 1858 iohanne
937 1790 978 1855 de
999 1789 1174 1871 Groveren‚
1206 1790 1352 1857 Johanne
1373 1794 1414 1859 de

144 1897 258 1981 brothe,
286 1900 426 1967 Luberto
447 1899 595 1981 Budden,
626 1899 814 1967 Hermanno
835 1899 982 1966 Keselinc
1002 1900 1153 1967 militibus
1174 1904 1207 1967 et
1227 1901 1294 1968 aliis
1316 1921 1415 1986 quam

144 2007 222 2076 ribus

197 2117 300 2205 &tud
321 2118 378 2186 mit
399 2117 699 2204 Detoonmtitrciten
720 2117 894 2204 amaedeo.

183 2301 201 2367 ¹)
217 2298 327 2373 Dubio
344 2298 431 2370 strici.
450 2299 565 2372 dictatur,
583 2299 630 2358 itt.
648 2299 832 2373 Dctlcntnid.

145 2645 192 2668 ¹-
210 2611 433 2695 mechtild,
455 2612 550 2695 1283,
572 2612 649 2686 uro
669 2614 722 2686 26.

235 2747 350 2832 diluet
371 2747 494 2816 Ronrob
515 2766 575 2816 oon
596 2747 769 2817 Denobtfld
800 2748 953 2834 ububtgt
985 2746 1051 2815 ben
1082 2745 1197 2828 Dinia
1218 2747 1415 2831 unicultor

234 2858 288 2925 boa
310 2857 489 2943 Digentburn
510 2858 562 2925 bct
582 2875 642 2925 oon
663 2858 724 2943 torn
746 2857 968 2943 hirminger,
988 2874 1049 2924 oon
1070 2855 1232 2940 8otonnca
1254 2874 1314 2925 oon
1330 2856 1411 2925 &ab

235 2966 345 3052 boten
365 2967 431 3034 ben
450 2965 564 3048 &tolet
585 2967 755 3050 moulon
776 2966 910 3053 Bebnten
932 2976 990 3035 oue
1015 2966 1136 3035 Ditem
1157 2965 1191 3033 tn
1212 2964 1330 3049 alono
1351 2966 1413 3034 uno

236 3074 413 3156 Deiotari.

331 3206 462 3280 widult
481 3208 529 3265 orb
548 3209 590 3264 14.
600 3207 704 3279 gebul).
724 3209 753 3263 tn
771 3205 841 3277 Dttc.
861 3207 994 3274 1612142.
1014 3205 1113 3265 Drud:
1132 3205 1273 3276 &onobeli
1292 3205 1342 3263 itt.
1353 3208 1413 3264 133.

197 3324 362 3393 conradus
395 3325 514 3411 pietate
545 3327 650 3392 divina
672 3326 928 3408 osnaburgensis
960 3326 1128 3410 episcopus
1161 3325 1310 3392 omnibus
1341 3344 1415 3410 pre·

146 3429 303 3503 [arbutis
323 3434 461 3500 salutem
481 3437 514 3501 in
536 3454 585 3513 eo,
608 3435 662 3519 qui
679 3439 728 3500 est
745 3436 887 3501 omnium
904 3433 1000 3500 salus.
1023 3433 1105 3499 Cum
1128 3433 1272 3500 omnium
1294 3433 1415 3499 babere

146 3537 218 3610 itiam
249 3545 357 3628 potius
388 3545 428 3609 sit
459 3544 600 3610 divinum
635 3563 732 3628 quam
765 3543 954 3622 humanum,
992 3542 1204 3608 necessariam
1234 3541 1415 3627 judicamus

146 3651 269 3719 mutem
301 3652 486 3719 litterarum.
529 3652 662 3727 Notum,
680 3654 774 3736 igitur
806 3653 846 3718 sit
876 3653 1079 3736 presentibus
1109 3655 1142 3716 et
1172 3651 1294 3730 tuturis,
1327 3651 1415 3734 quod

146 3776 230 3828 mnes
262 3763 364 3828 dictus
396 3763 437 3828 de
458 3763 618 3828 Suthusen
651 3763 792 3829 vendidit
824 3763 994 3830 conventui
1027 3762 1060 3828 in
1082 3760 1326 3844 Bersenbrugge
1356 3779 1416 3844 pro

173 3872 284 3938 marcis
327 3875 360 3936 et
402 3871 529 3959 dimidia
572 3872 727 3939 decimam
771 3871 815 3936 lX
857 3871 1043 3950 solidorum,
1092 3869 1237 3936 videlicet
1280 3873 1417 3953 quatuor

147 3976 241 4046 iorum
263 3981 296 4045 in
318 3978 391 4045 ulla
412 3978 630 4063 Olthendorpe
640 3981 667 4066 ¹)
700 3985 733 4046 et
763 3981 906 4065 quinque
927 3980 1103 4046 solidorum
1124 3979 1157 4045 in
1178 3979 1251 4044 villa
1274 3978 1416 4043 Wester·

147 4089 185 4172 e¹)
213 4091 245 4154 in
277 4089 371 4156 bonis
405 4089 524 4155 domini
549 4089 705 4174 Ludolpbi
735 4090 808 4155 dicti
836 4089 950 4155 Haken
982 4090 1015 4154 in
1047 4087 1221 4172 parrochiis
1252 4085 1416 4170 Lengerke

147 4197 231 4278 loen,
264 4217 363 4283 quam
384 4202 404 4264 a
425 4199 518 4264 nobis
546 4200 617 4283 jure
647 4199 763 4265 feodali
788 4199 875 4284 prius
897 4199 1055 4274 tenuerat,
1086 4196 1224 4261 eandem
1246 4195 1278 4259 in
1300 4211 1416 4259 manus

147 4307 196 4371 tas
224 4307 395 4390 resignavit
425 4327 552 4390 rogans,
585 4310 620 4374 ut
654 4309 882 4393 proprietatem
911 4306 993 4371 dicte
1026 4304 1149 4370 decime
1181 4302 1306 4388 pretato
1339 4321 1417 4368 con·

147 4413 180 4476 tui
204 4415 348 4481 conferre
375 4415 588 4498 dignaremur.
632 4417 730 4502 Cujus
762 4416 908 4500 peticioni
942 4414 1079 4496 benigne
1110 4413 1351 4495 acquiescentes
1373 4411 1417 4477 ad

147 4538 225 4588 orem
247 4522 373 4590 Domini
402 4526 502 4591 nostri
532 4525 609 4591 lesu
631 4525 747 4593 Christi
779 4530 812 4591 et
845 4523 980 4607 gloriose
1010 4521 1167 4604 genitricis
1198 4520 1267 4603 ejus
1289 4519 1416 4602 virginis

147 4618 177 4684 ie
194 4623 407 4708 supradictam
441 4627 597 4692 decimam
630 4628 820 4694 contulimus
852 4635 1021 4712 prenotato
1054 4629 1224 4695 conventui
1257 4628 1356 4694 libere
1384 4633 1416 4695 et

147 4727 217 4797 ouo
237 4737 393 4818 perpetua
414 4735 595 4802 donatione.
616 4736 655 4802 iit
676 4757 718 4802 ne
739 4738 811 4821 quis
832 4739 865 4804 in
887 4743 1051 4823 posterum
1068 4741 1179 4805 contra
1194 4738 1313 4803 tadum
1331 4737 1415 4804 istud

147 4840 276 4922 mpniari
297 4847 471 4926 presumat,
492 4863 624 4929 presens
643 4846 795 4930 scriptum
811 4846 901 4931 sigdli
917 4848 1015 4914 nostri
1032 4847 1215 4913 testimonio
1228 4847 1417 4913 roboratum

148 4941 306 5019 mamus.
348 4949 465 5019 Datum
508 4951 755 5041 Quatenbruga
798 4975 886 5023 anno
928 4956 1054 5024 Domini
1095 4952 1217 5022 ΜΓ
1350 4951 1389 4958 ““
