3210 5354
135 312 198 377 166
769 325 841 381 1289
924 338 928 347 ·

233 466 235 470 Α
258 493 325 559 Nos
347 493 441 577 Hugo
463 494 520 559 Dei
542 494 644 576 gratia
660 493 849 577 prepositus,
872 491 1075 558 Everhardus
1097 494 1241 559 decanus
1262 497 1295 559 el
1310 495 1432 579 rupitulr

132 600 264 667 ecclesie
286 600 544 683 Osnaburgensis
566 601 823 682 recognoscimus
845 603 878 664 et
898 601 1100 683 presentibus
1132 604 1364 686 protestamur,
1394 621 1432 686 qu

13 719 19 731 '
135 711 175 776 de
198 710 340 775 unanimi
361 710 506 774 omnium
529 711 673 772 nostrum
706 727 840 774 assensu
874 711 906 772 et
927 709 1076 775 benivola
1097 711 1262 775 uoluntate
1283 729 1381 795 super
1400 731 1432 793 qu

135 819 209 884 dam
234 817 450 883 controversia
471 820 560 882 mota
593 817 677 881 inter
709 816 812 882 virum
846 817 1016 883 discretum
1051 819 1216 884 domiuum
1240 818 1409 884 Henricum

133 927 242 992 Monte
265 930 409 991 nostrum
433 924 684 990 concanonicum
706 945 745 990 ex
768 945 833 990 una
855 929 885 990 et
908 926 1080 993 Henricum
1105 928 1224 993 dictum
1240 926 1346 1006 Quast
1366 948 1432 1011 perp

133 1038 224 1099 tuum
248 1033 379 1099 ecclesie
401 1035 509 1099 nostre
541 1030 694 1097 vicarium
728 1052 767 1097 er
800 1037 891 1115 parte
921 1032 1022 1099 altera
1055 1038 1104 1100 est
1124 1033 1274 1100 ordinata
1295 1036 1432 1119 composi

135 1141 370 1229 conditionibus
404 1141 610 1225 infrascriptis
650 1141 710 1206 hiis
742 1142 905 1207 videlicet:
956 1141 1052 1220 Quod
1084 1143 1109 1208 si
1142 1143 1279 1224 edificia,
1313 1163 1376 1228 que
1404 1163 1432 1208 su

136 1252 256 1315 structa
278 1268 377 1332 super
399 1267 485 1329 area,
520 1267 583 1332 que
617 1253 665 1314 est
699 1249 759 1315 sila
791 1253 873 1315 inter
904 1269 1013 1317 aream
1047 1251 1167 1318 domini
1198 1254 1360 1321 Brunonis
1382 1273 1432 1319 uos

134 1357 339 1424 concanonici
371 1361 404 1423 et
435 1376 546 1423 aream
578 1358 697 1423 domini
718 1359 862 1424 Lutberti
894 1359 935 1425 de
956 1360 1170 1444 Mettincgheu
1195 1363 1331 1445 junioris
1354 1363 1432 1427 eccle.

28 1518 37 1537 .
133 1471 242 1533 nostre
264 1467 381 1546 vicarii,
414 1485 513 1551 quam
535 1467 620 1532 idem
642 1466 798 1533 Henricus
822 1468 954 1533 vicarius
974 1468 1140 1547 inhabitat,
1171 1472 1279 1548 ruant,
1300 1474 1432 1535 crement

136 1576 185 1640 vel
209 1595 339 1658 quoquo
374 1575 472 1641 modo
506 1575 568 1640 alio
601 1576 806 1641 destruantur
838 1574 970 1658 propius
993 1595 1104 1640 versus
1125 1576 1247 1642 curiam
1270 1577 1337 1642 sive
1357 1577 1432 1643 habit

134 1684 255 1749 tionem
278 1684 352 1749 dicti
373 1682 472 1750 nostri
496 1683 699 1749 concanonici
711 1681 839 1748 Henrici
862 1684 902 1747 de
914 1681 1023 1747 Monte
1045 1681 1133 1748 nulla
1155 1683 1217 1749 alia
1240 1685 1364 1751 edificia
1384 1704 1432 1768 sup

135 1809 210 1857 area
231 1789 358 1857 Henrici
381 1791 485 1857 vicarii
517 1792 648 1874 predicti
682 1793 845 1856 struantur
878 1794 911 1855 et
939 1791 1026 1874 quod
1048 1790 1133 1856 nulle
1155 1791 1296 1860 fenestre
1318 1795 1392 1860 flant
1410 1795 1431 1858 si

134 1900 166 1962 in
190 1897 258 1962 istis
279 1898 346 1963 sive
367 1898 400 1963 in
421 1899 489 1964 aliis
512 1899 640 1964 edificiis
662 1899 784 1980 suturis,
806 1919 864 1983 per
886 1917 966 1983 quas
988 1899 1108 1965 dictam
1129 1899 1360 1968 habitationem
1380 1922 1432 1967 nos

137 2006 343 2072 concanonici
365 2005 541 2072 inhabitam
563 2008 753 2073 offendatur.
795 2007 875 2071 Item
897 2026 939 2072 ne
961 2007 1084 2083 edificia
1106 2008 1185 2074 liant
1206 2011 1391 2078 intermedia
1409 2012 1432 2075 si¹

136 2114 168 2179 in
193 2114 308 2178 cloacis
331 2114 396 2177 sive
418 2115 450 2179 in
472 2114 605 2180 stabulis
638 2116 703 2180 sive
735 2117 768 2180 in
794 2116 862 2180 aliis
899 2115 1090 2199 quibuslibet
1123 2117 1296 2198 inmundis,
1328 2140 1384 2203 per
1410 2137 1432 2201 qr

136 2225 221 2288 dicto
243 2226 353 2288 nostro
375 2225 589 2289 concanonico
622 2223 688 2288 sive
721 2223 908 2289 habitationi
930 2222 1027 2307 ipsius
1049 2225 1149 2306 possit
1171 2224 1296 2292 offensa
1326 2227 1373 2292 rel
1400 2246 1432 2309 pr

134 2330 288 2415 judicium
311 2331 466 2413 generari.
509 2331 545 2395 ln
567 2333 656 2416 eujus
688 2334 732 2396 rei
767 2329 983 2397 testimonium
1015 2330 1103 2413 sigilli
1133 2335 1233 2398 nostri
1256 2333 1299 2400 ad
1320 2335 1432 2419 privileg

137 2441 312 2504 munimine
333 2458 465 2522 presens
487 2439 603 2523 pagina
626 2441 848 2505 communitur.
879 2439 997 2504 Datum
1019 2438 1221 2523 Osenbruge,
1244 2461 1330 2509 anuo
1351 2439 1432 2508 Doni

136 2546 466 2627 M⁰CC⁰LXXXVlll⁰,
500 2549 642 2614 secunda
664 2548 742 2614 feria
763 2548 909 2632 proxima
930 2549 1004 2630 post
1025 2546 1220 2614 dominicam
1248 2570 1313 2637 qua
1334 2552 1432 2617 carun

140 2655 231 2722 Oculi
253 2657 326 2721 mei.

138 2949 214 3018 256.
235 2987 275 2999 —
297 2948 427 3035 biritu,
450 2949 533 3021 laea
554 2949 678 3035 (1288),
701 2949 796 3037 arna
819 2952 870 3023 21.

305 3083 371 3151 ther
393 3083 536 3168 dbetoopt
558 3084 696 3166 berbach
719 3103 787 3152 nom
809 3084 906 3171 berge
928 3087 1066 3157 betunbct
1088 3090 1134 3157 bie
1156 3088 1265 3171 letters
1289 3090 1338 3159 bct
1356 3087 1432 3157 nuo

303 3192 457 3271 normann
478 3211 538 3261 oon
560 3193 674 3261 ttetbed
706 3214 741 3279 nu
764 3195 898 3276 (bunion
921 3198 972 3264 bea
996 3197 1127 3279 tttoitets
1145 3198 1331 3286 hodeneth
1351 3192 1432 3278 crirtt¹

306 3301 560 3387 acarnanum
583 3301 636 3384 out
660 3303 707 3370 cin
730 3302 807 3371 debe
828 3304 861 3371 tn
884 3304 999 3387 thilen.

403 3432 545 3490 bebrudt:
565 3432 654 3505 inriti.
674 3435 755 3494 neu.
775 3437 826 3503 111,
845 3436 895 3493 itt.
915 3438 993 3493 1370.

138 3789 210 3862 257.
230 3827 272 3840 -
293 3790 485 3874 Dinotrtd,
507 3792 592 3864 1289
613 3794 736 3879 (1288),
759 3793 855 3880 littra
877 3795 929 3866 23.

306 3925 499 4009 §bonpronlt
521 3927 721 4010 ibonberhont
743 3929 804 3995 nub
827 3929 1016 4012 §bontopitel
1037 3949 1071 4015 nn
1094 3929 1268 4000 Dunobrltd
1296 3920 1432 4000 hennuc

306 4039 394 4102 antec
416 4033 694 4121 lleuonatetttnnnq
717 4037 769 4102 bea
791 4037 871 4104 olten
893 4037 1058 4122 ilecttoget
1088 4056 1156 4105 nom
1179 4039 1277 4124 §lehre
1301 4030 1432 4118 1230,ll

304 4142 354 4210 bet
376 4142 567 4228 rechtnthige
584 4143 704 4225 ticinen
726 4144 805 4227 ihrer
818 4144 926 4229 little
940 4145 1273 4234 (berrenteidrtmilbtc)
1295 4150 1360 4232 nub
1379 4148 1432 4230 ieret

302 4251 383 4318 alten
406 4250 554 4336 bernego
576 4270 635 4321 oon
658 4253 747 4335 ibren
770 4253 925 4337 bctonhett
948 4258 1008 4323 nub
1032 4255 1089 4335 boh
1112 4258 1163 4324 bet
1186 4256 1320 4345 ttertrop
1341 4247 1432 4326 conl!

305 4361 360 4429 ben
383 4361 509 4444 thetica
530 4360 691 4445 beobodtet
713 4362 829 4430 merten
852 4363 914 4444 loll.

403 4493 548 4566 Dttgtnol:
568 4494 739 4566 bonorum.

265 4610 332 4676 Nos
354 4612 447 4695 Hugo
469 4613 526 4678 Dei
555 4614 656 4697 gratia
688 4616 877 4699 prepositus
912 4617 1114 4681 Everhardus
1145 4619 1288 4687 decanus
1319 4623 1432 4691 tolum‘l

140 4717 315 4801 capitulum
337 4719 468 4786 ecclesie
493 4721 749 4806 Osneburgensis
771 4725 922 4790 omnihus
950 4724 1012 4790 hoc
1034 4727 1186 4809 scriptum
1208 4729 1322 4797 visuris
1343 4734 1375 4796 et
1393 4736 1432 4794 au*

141 4826 220 4892 turis
241 4829 354 4893 notum
378 4848 448 4894 esse
470 4831 616 4914 cupimus
629 4830 756 4914 publice
772 4835 997 4916 protestantes,
1020 4835 1107 4918 quod
1129 4854 1189 4901 nos
1207 4838 1297 4922 justo
1311 4842 1432 4925 posses⁵

139 4932 315 5002 molendini
336 4937 437 5003 nostri
458 4937 509 5002 siti
542 4938 573 5004 in
596 4939 769 5006 emunitate
801 4944 913 5007 nostra
943 4945 975 5008 et
997 4942 1062 5008 suis
1083 4942 1230 5027 legitimis
1251 4944 1426 5015 heredibus
