3210 5354
730 325 800 380 1282
943 297 947 301 ’
1391 302 1431 367 41

151 486 341 553 :cuxxxt
361 489 473 572 primo,
506 489 585 554 feria
617 495 708 556 sexta
741 495 815 575 post
847 488 1037 556 dominicam
1066 505 1131 571 qua
1152 489 1297 551 cantatur
1319 485 1434 550 Leiare

151 599 270 662 inuata
303 598 343 663 de
375 600 558 665 dictatoria
590 598 700 681 quinta
730 600 932 683 precedente.
975 597 1014 661 Et
1034 595 1228 679 protestatus
1255 594 1304 658 est
1332 592 1434 657 dictus

152 707 257 788 oldus,
291 707 378 791 quod
411 707 442 772 in
473 708 656 793 hujusmodi
689 706 939 789 assignacionem
962 724 1027 770 non
1049 703 1214 770 consentit.
1259 701 1375 766 Actum
1398 700 1433 764 ut

151 833 183 881 ra
203 835 291 882 anno
314 820 346 881 et
366 817 416 882 die
438 815 596 900 predictis.

210 947 282 1016 ator
315 947 505 1029 §tutionem
537 948 571 1027 itt
604 945 657 1028 cut
688 947 752 1015 otei
784 945 1084 1032 tierqonenttreiten
1114 943 1300 1031 potorium,
1333 941 1432 1024 uelde

151 1057 196 1125 etn
217 1058 349 1143 bettendt
371 1077 481 1127 poten.
528 1059 589 1126 §iiie
613 1058 720 1143 crept
741 1058 804 1139 tint
828 1056 1000 1143 ochtotten.

192 1241 213 1308 ¹)
232 1239 313 1298 otoo
333 1239 387 1297 ttei
406 1239 500 1298 {torte
518 1238 586 1311 nteit
606 1239 680 1311 metr
698 1239 800 1297 testor.

168 1668 199 1680 -
222 1631 411 1712 orantur.
434 1632 518 1704 1282
540 1631 662 1717 (1281).
684 1631 780 1718 uun
803 1631 854 1703 13.

251 1765 322 1833 ibor
351 1764 471 1849 itopitct
504 1783 563 1834 oon
594 1766 649 1833 &t
671 1767 798 1851 &otono
832 1763 1018 1844 beurtuntet,
1051 1762 1109 1843 tot
1144 1763 1189 1831 tie
1223 1761 1345 1829 tssittroe
1378 1759 1429 1827 ter

250 1873 387 1958 (dettott
418 1891 477 1941 oon
509 1873 716 1959 &uteriuien
749 1874 896 1959 titteitir.
929 1872 980 1955 tiit
1013 1874 1073 1956 trel,
1106 1872 1190 1957 iiten
1224 1869 1427 1949 oerttorbenen

249 1981 352 2049 litorm
383 1984 444 2051 unt
474 1982 558 2064 itten
590 1982 791 2051 decocuntur
812 1981 975 2066 evertant,
1009 1982 1063 2050 ten
1086 1980 1193 2049 liettot
1215 1980 1265 2048 bet
1287 1977 1426 2063 dautur:

245 2089 349 2173 topette
376 2110 411 2176 pi
433 2090 615 2173 ernnusto,
647 2093 732 2176 tuteli
766 2092 939 2176 &diatono
973 2091 1054 2158 einer
1087 2108 1146 2157 oon
1180 2088 1308 2172 {totana
1330 2086 1424 2155 nourr

247 2199 397 2284 getoutten
419 2200 513 2268 urbes
535 2199 568 2267 in
589 2199 746 2279 ornnem
768 2201 815 2268 ein
834 2198 1077 2284 &oetgebidtnin
1101 2197 1223 2283 gettittet
1244 2197 1326 2280 tJobe.
1350 2194 1423 2261 ibor

248 2309 368 2390 tiopitet
392 2310 498 2376 nimrnt
521 2309 636 2394 auctr,
669 2311 756 2378 heren
780 2309 981 2389 perturbarer
1004 2306 1107 2374 litonn
1135 2307 1196 2373 unt
1219 2304 1371 2388 doctiori
1395 2303 1429 2369 in

243 2417 288 2485 tie
319 2416 527 2501 ututertoatt
555 2419 606 2486 tet
638 2425 727 2503 puteo
750 2418 849 2488 tlterte
879 2419 930 2486 tes
953 2416 1069 2500 titillet
1096 2415 1150 2499 out
1182 2415 1243 2481 uno
1276 2412 1429 2492 betuntet,

246 2525 302 2607 tot
324 2527 370 2594 tie
392 2526 649 2613 uetoenrpeteun
671 2525 721 2612 tid
753 2530 813 2595 unt
837 2527 989 2612 doctiori
1012 2525 1066 2609 out
1087 2523 1254 2608 tiebenrpeit
1287 2523 1342 2590 ten
1366 2520 1425 2588 tie:

248 2653 302 2720 pin
324 2635 405 2703 eluet
427 2635 648 2705 &ritribuente
670 2637 860 2722 nottetotteu
881 2638 942 2722 [pot.

343 2767 490 2848 Drtptnot:
512 2768 706 2841 stoctonam
726 2773 801 2842 (giret
821 2769 1077 2842 ttusstettipuupen).

207 2887 466 2971 ..Prepositus
498 2937 506 2954 .
538 2941 545 2956 .
577 2889 717 2954 decanus
748 2892 917 2972 totumque
952 2887 1123 2972 capitulum
1161 2882 1291 2949 ecclesie
1327 2881 1426 2946 sancti

151 2992 229 3059 annis
251 2995 506 3079 osnaburgensis
538 2996 686 3062 omnibus
720 2998 880 3080 presentia
914 2997 1023 3062 visuris
1056 2995 1191 3060 salutem
1225 2992 1258 3055 in
1286 3009 1337 3067 eo,
1371 2989 1425 3074 qui

159 3119 225 3167 vera
246 3102 332 3168 salus
355 3104 505 3171 omnium.
548 3104 594 3170 Ea
627 3124 689 3188 que
719 3106 770 3189 pie
801 3110 832 3170 et
863 3104 1064 3170 laudabiliter
1086 3123 1105 3168 a
1128 3101 1244 3168 Christi
1277 3098 1423 3165 fidelibus

151 3211 225 3290 ntur,
259 3230 301 3275 ne
333 3211 486 3295 temporis
518 3231 648 3278 accessu
680 3213 886 3292 anemoria,
919 3232 982 3296 que
1015 3230 1082 3276 non
1112 3210 1215 3293 perdit
1245 3208 1304 3274 nisi
1327 3207 1424 3272 idad

151 3313 262 3400 dsepe
282 3338 349 3385 non
370 3320 511 3398 recurrit,
543 3320 668 3402 penitus
695 3319 909 3404 evellantur‚¹)
943 3321 1074 3402 dignum
1097 3324 1128 3385 et
1149 3318 1284 3401 perutile
1317 3320 1365 3381 est
1386 3334 1424 3381 ac

151 3440 176 3488 m
194 3427 368 3508 posteritati
390 3446 447 3492 sue
468 3428 569 3493 fidelis
590 3428 754 3494 mandavit
775 3428 955 3512 antiquitas,
988 3432 1113 3511 ut'que
1135 3428 1227 3492 firma
1250 3431 1281 3492 et
1304 3426 1423 3491 illibata

151 3531 244 3598 sistere
273 3534 401 3615 debent,
431 3537 537 3619 scripti
566 3537 746 3602 testimonio
767 3537 1015 3620 perhennentur.
1059 3536 1212 3602 Noverint
1244 3536 1336 3618 igitur
1357 3540 1422 3601 tarn

151 3644 241 3708 tentes
274 3661 372 3727 quam
407 3643 512 3725 futuri,
545 3647 631 3729 quod
653 3645 805 3729 Alheydis
838 3647 933 3711 vidua
964 3646 1047 3712 dicta
1068 3646 1109 3710 de
1130 3645 1339 3711 Suderlrusen
1363 3664 1421 3709 ex·

151 3765 181 3814 na
200 3769 258 3816 sua
279 3751 411 3834 provide
432 3753 627 3836 prospiciens
657 3754 767 3821 volens
789 3755 974 3819 thesaurum
1006 3756 1038 3819 in
1069 3755 1136 3820 celo
1166 3774 1331 3838 reponere,
1368 3755 1421 3838 qui

165 3859 252 3940 perit,
274 3859 407 3925 domum
429 3862 592 3944 quandam
614 3864 645 3927 in
669 3862 740 3927 villa
761 3862 960 3949 Himmerei)
983 3863 1089 3942 sitam,
1117 3881 1214 3946 quarn
1237 3882 1257 3928 a
1279 3862 1424 3928 iohanne

151 3966 280 4033 oLullic
300 3987 360 4051 pro
381 3969 508 4053 triginta
537 3971 651 4037 marcis
673 3972 791 4037 usualis
819 3975 947 4037 monete
975 3971 1061 4051 emit,
1093 3971 1224 4037 ecclesie
1252 3975 1361 4037 nostre
1391 3971 1424 4035 in

152 4075 251 4141 edium
282 4075 389 4141 anime
421 4097 477 4144 sue
510 4082 543 4144 et
575 4078 632 4144 viri
653 4080 702 4144 sui
723 4079 877 4145 Gerhardi
905 4080 990 4145 bone
1012 4080 1166 4144 memorie
1188 4099 1226 4144 ac
1247 4078 1422 4144 Everlrardi

151 4184 204 4248 oris
240 4184 361 4268 capelle
394 4184 479 4251 beati
509 4186 597 4253 Pauli
619 4187 876 4270 osnaburgensis
908 4190 956 4253 sui
988 4188 1134 4271 specialis
1167 4207 1240 4252 cum
1273 4186 1423 4253 omnibus

151 4292 245 4356 tentiis
267 4293 333 4357 suis
354 4293 484 4359 contulit
507 4295 599 4378 pleno
619 4296 709 4379 jure3
743 4297 785 4362 ita
808 4301 927 4376 tamen,
958 4299 1045 4379 quod
1068 4298 1136 4377 sibi,
1168 4297 1275 4381 quoad
1297 4296 1424 4376 vixerit,

151 4398 202 4465 ulis
233 4400 326 4466 annis
356 4400 388 4466 in
423 4402 503 4467 festo
533 4404 619 4468 beati
641 4403 767 4469 Martini
800 4407 938 4490 episcopi
971 4406 1120 4473 dabimus
1148 4410 1285 4490 quatuor
1307 4405 1420 4472 moltia

151 4508 200 4572 iris
222 4512 254 4574 et
275 4512 412 4592 quatuor
433 4509 541 4576 moltia
562 4512 651 4576 ordei
677 4531 736 4595 per
757 4511 921 4579 dimidiam
942 4533 1127 4580 mensuram
1150 4517 1238 4580 tante
1260 4514 1422 4601 bonitatis,

151 4623 246 4684 iesse
267 4618 348 4685 solet
369 4637 497 4684 annona
519 4620 731 4703 prebendalis.
776 4621 852 4687 Post
880 4627 1017 4688 mortem
1048 4643 1123 4689 vero
1146 4624 1245 4708 ipsius
1267 4625 1422 4711 Atheydis

151 4746 220 4794 mus
237 4726 321 4794 dicto
335 4726 518 4793 Everhardo
539 4728 599 4794 tria
621 4729 730 4796 mollia
752 4729 879 4812 siliginis
901 4735 934 4796 et
955 4733 1016 4798 tria
1038 4733 1147 4798 mollia
1170 4733 1259 4799 ordei
1277 4736 1422 4818 ejusdem

151 4837 220 4904 tatis
251 4837 287 4902 et
318 4853 478 4902 mensure.
520 4835 598 4903 Post
634 4839 723 4923 cujus
762 4843 899 4906 mortem
937 4842 1015 4907 nulli
1052 4844 1206 4910 ammodo
1239 4844 1422 4911 tenebimur

151 4965 190 5013 ne
210 4944 396 5031 hujusmodi
418 4943 590 5012 collationis
611 4944 653 5012 ad
674 4946 813 5031 aliquam
835 4950 1034 5033 pensionem.
1056 4952 1123 5019 Nos
1146 4973 1222 5020 vero
1245 4954 1288 5021 ob
1311 4953 1424 5041 hujus-
