3210 5354
660 349 810 420 hannipa
1343 329 1408 393 441

188 517 392 587 Baldewinus
415 517 473 582 Dei
494 517 595 599 gratia
618 516 876 597 Osnaburgensis
906 513 1038 579 ecclesie
1071 511 1240 596 episcopus
1262 509 1413 575 omnibus

63 624 224 708 presentia
257 624 368 689 visuris
404 627 517 690 notum
550 624 693 703 iacimus,
735 623 821 707 quod
865 624 907 688 de
951 639 1109 687 consensu
1152 618 1280 702 capituli
1313 617 1412 682 nostri

63 750 173 798 aream
196 732 291 796 sitam
314 733 345 797 in
369 734 449 798 atrio
483 737 592 799 nostro
622 735 714 817 juxta
749 735 894 796 sanctum
917 729 1097 806 Martinam,
1133 746 1230 810 quam
1256 726 1413 791 inhahitat

62 840 202 907 Rabodo
224 840 356 907 ecclesie
377 845 486 907 nostre
510 842 656 922 vicarius,
688 844 747 926 ipsi
770 839 939 906 Rabodoni
962 841 1117 922 perpetua
1140 836 1314 901 donatione
1336 855 1413 901 con·

62 948 193 1014 tulimus
215 951 403 1027 statuentes,
435 952 471 1013 ut
492 947 642 1033 deinceps
665 951 749 1015 dicta
769 969 845 1016 area
875 947 1051 1013 claustralis
1077 947 1268 1028 permaneat
1289 947 1321 1008 et
1339 946 1412 1028 jure

62 1075 211 1122 arearum
234 1056 449 1122 claustralium
472 1063 629 1141 perpetuo
651 1060 828 1135 censeatur,
859 1056 1002 1119 volentes
1023 1058 1059 1119 ut
1080 1053 1184 1136 ipsam
1206 1071 1315 1117 aream
1338 1056 1413 1135 post

61 1165 184 1230 obitum
207 1164 281 1229 dicti
304 1164 492 1230 Rabodonis
525 1165 696 1229 canonicus
730 1164 780 1228 vel
814 1162 948 1228 vicarius
982 1159 1115 1226 ecclesie
1137 1162 1248 1224 nostre
1269 1160 1411 1223 tantum·

60 1274 160 1341 modo
182 1276 383 1357 assequatur.
427 1273 462 1337 ln
485 1274 575 1355 cujus
598 1272 642 1336 rei
673 1271 889 1337 testimonium
917 1288 1051 1353 presens
1073 1269 1224 1350 scriptum
1247 1267 1358 1331 nostro
1380 1270 1411 1330 et

61 1381 190 1465 capituli
224 1383 326 1447 nostri
358 1381 463 1464 sigillis
497 1381 629 1446 fecimus
664 1379 817 1445 roborari.
862 1379 979 1443 Datum
1013 1380 1045 1440 et
1077 1379 1185 1441 actum
1212 1372 1412 1455 Osenbruge,

61 1508 149 1555 anno
172 1489 300 1556 Domini
320 1489 443 1556 M⁰CC⁰
465 1489 664 1571 sexagesimo
691 1489 805 1570 primo,
837 1485 937 1569 pridie
960 1484 1070 1548 Nonas
1092 1481 1176 1564 Maji,
1209 1482 1412 1564 presentibus

60 1599 201 1682 Lutgero
223 1599 396 1682 preposito,
427 1597 579 1663 (tommo
601 1598 734 1675 decano,
756 1596 892 1659 Ernesto
915 1596 1054 1670 cantore,
1082 1590 1248 1656 Gotscalco
1270 1591 1412 1670 custode,

60 1704 193 1771 Hinrico
214 1704 256 1770 de
277 1705 398 1785 Monte,
430 1704 559 1770 Hinrico
581 1705 745 1788 preposito
777 1702 908 1768 ecclesie
931 1698 1244 1780 Quakenburgensis,
1281 1698 1412 1764 ecclesie

62 1816 174 1878 nostre
198 1811 359 1878 canonicis
381 1816 414 1877 et
435 1813 503 1877 aliis
526 1830 623 1895 quam
645 1811 798 1894 pluribus.

190 1943 299 2030 &tepet
320 1944 373 2012 ica
395 1942 531 2026 hilonis
553 1943 614 2010 uni
637 1943 689 2010 tea
713 1939 920 2022 ihomtopitcie
943 1937 1087 2023 cricttcn.

61 2405 139 2475 aaa
160 2443 205 2458 -
227 2405 480 2494 raa—ramo

235 2537 405 2619 &clament
427 2539 479 2606 bea
501 2537 692 2608 oenotriam
714 2539 887 2623 monheim
910 2537 1085 2606 hainmari.

327 2668 476 2742 maiani:
496 2670 679 2743 titirhtiltmca
699 2670 940 2730 dennctnllcrlct.

187 2787 256 2871 Ego
277 2785 491 2853 Reinwardus
513 2789 684 2853 canonicus
708 2786 964 2868 osnaburgensis
990 2803 1076 2867 pono
1099 2789 1131 2849 et
1152 2788 1311 2852 constituo
1333 2807 1409 2854 exe·

62 2898 188 2961 catores
220 2895 404 2959 testamenti
436 2894 500 2958 mei
532 2894 598 2957 sire
631 2892 841 2958 nranutldeles
873 2912 963 2958 meos
991 2893 1156 2957 dominum
1179 2893 1410 2962 Godescalcum

62 3001 298 3068 thesaurarium
320 3004 354 3065 et
375 3002 541 3067 dominum
557 3001 727 3085 Hugonem
741 3001 782 3066 de
798 3001 949 3066 Golteren
971 3020 1010 3066 ac
1023 3001 1188 3066 dominum
1205 3000 1409 3069 Thidericum

62 3110 187 3177 llorem
210 3128 301 3175 meos
323 3111 557 3176 concanonicos
580 3115 611 3175 et
633 3110 797 3174 dominum
814 3109 1002 3174 Luthertum
1021 3109 1062 3174 de
1078 3109 1250 3192 Mettingen
1273 3112 1305 3174 et
1326 3108 1409 3191 volo,

61 3219 257 3304 utiliaque
279 3239 339 3303 ego
362 3220 462 3284 riuus
485 3219 637 3297 ordinavi,
671 3221 741 3282 rata
762 3218 913 3296 habeant,
947 3236 1011 3300 que
1036 3220 1145 3282 autem
1167 3236 1234 3283 non
1256 3218 1409 3299 ordinavi,

62 3331 183 3411 quanto
205 3326 320 3393 melius
341 3328 473 3410 possint,
503 3327 660 3392 ordinent.
704 3325 772 3408 Ego
794 3325 866 3409 lego
888 3331 921 3391 et
942 3327 995 3406 do,
1023 3327 1050 3391 si
1071 3345 1124 3391 me
1146 3327 1227 3393 mori
1249 3327 1410 3410 contingit,

62 3436 170 3501 omnia
192 3434 340 3501 utensilia
362 3435 478 3500 domus
500 3453 572 3500 mee
594 3433 711 3499 scilicet
732 3433 938 3514 frumentum,
965 3435 1109 3500 bracium
1132 3437 1162 3498 et
1185 3435 1293 3500 omnia
1314 3435 1410 3517 ligna,

62 3560 138 3608 rasa
163 3547 195 3607 et
216 3542 348 3625 insuper
369 3542 489 3621 omnia,
523 3561 586 3624 que
617 3542 649 3605 in
671 3542 769 3607 domo
791 3562 864 3609 mea
886 3547 970 3623 sunt,
1003 3544 1132 3609 domine
1157 3543 1283 3609 Atheidi
1305 3544 1409 3635 vidue,

60 3653 191 3714 uicum
214 3650 260 3715 eis
293 3669 367 3714 mea
399 3651 520 3715 minuta
554 3650 660 3715 debita
692 3652 871 3734 persolvat3
905 3653 980 3717 item
1003 3652 1112 3716 omnia
1144 3669 1261 3734 pecora
1288 3651 1409 3716 sivein

63 3757 175 3825 oribus
197 3757 317 3822 sivein
339 3759 442 3823 vaccis
464 3757 514 3822 vel
536 3758 651 3837 bobus,
687 3778 751 3841 que
773 3762 900 3824 suntin
923 3760 1020 3825 domo
1043 3759 1092 3824 vel
1114 3760 1146 3824 in
1168 3779 1252 3839 rure,
1280 3759 1410 3825 domine

62 3863 206 3930 atheidis
227 3868 302 3930 sunt
325 3869 442 3929 elnon
465 3884 556 3942 mea3
585 3867 658 3931 item
683 3868 815 3931 domum
838 3886 946 3931 meam
967 3870 1000 3932 in
1023 3866 1263 3952 Vulphamem)
1285 3866 1358 3950 lego
1379 3872 1412 3932 et

61 3970 104 4036 do
125 3971 256 4038 domine
278 3970 436 4057 Al(heidi)
459 3977 491 4037 et
512 3973 681 4057 Ludolpho
703 3975 767 4039 tilio
790 3977 858 4057 ejus
881 3979 913 4039 et
933 3974 1106 4039 Lamberto
1128 3975 1237 4057 nepoti
1259 3994 1341 4053 meo,
1375 3979 1412 4039 ut

62 4078 251 4144 Lambertus
272 4079 347 4144 inde
369 4082 537 4159 nutriatur,
560 4085 593 4146 et
614 4083 696 4161 volo,
719 4087 763 4160 ut,
779 4083 804 4146 si
821 4100 904 4146 unus
921 4098 1031 4145 eorum
1048 4080 1190 4158 moritur,
1213 4081 1278 4146 duo
1291 4080 1408 4146 residui

61 4186 237 4270 percipiant
267 4186 389 4252 fructus
423 4188 539 4253 domus
572 4193 604 4254 et
636 4191 662 4254 si
695 4190 770 4269 duo,
805 4191 916 4255 tertius
950 4187 1143 4270 integraliter
1177 4189 1330 4271 percipiat
1349 4208 1409 4272 per

61 4296 190 4377 tempus
210 4294 274 4359 rite
296 4313 365 4359 sue.
407 4295 447 4360 Εἰ
467 4299 542 4378 post
563 4301 699 4362 mortem
722 4317 833 4363 eorum
856 4297 951 4361 trium
969 4294 1051 4374 volo,
1074 4298 1110 4359 ut
1127 4294 1307 4377 assignetur
1317 4294 1410 4361 altari

62 4400 162 4466 sancti
184 4397 316 4466 Servatii
351 4404 383 4466 in
416 4403 550 4469 ecclesia
571 4410 690 4470 nostra.
735 4406 815 4471 ltem
838 4406 864 4469 si
896 4404 998 4470 dictus
1026 4403 1216 4468 Lambertus
1248 4403 1409 4470 laicarerit

62 4511 110 4575 rel
132 4528 207 4575 eum
229 4509 421 4575 heneficium
445 4511 692 4578 ecclesiasticum
715 4513 835 4578 habere
858 4511 1032 4593 contigerit,
1055 4508 1148 4575 nichil
1169 4509 1296 4575 dabitur
1318 4511 1346 4575 ei
1367 4511 1409 4576 de

62 4617 214 4683 tractibus
235 4618 317 4683 dicte
340 4619 466 4684 domus.
509 4618 660 4687 Preterea
693 4625 797 4686 vestes
831 4640 920 4685 meas
953 4619 1099 4684 estivales
1133 4622 1166 4683 et
1198 4619 1310 4696 varias,
1343 4619 1409 4684 dno

61 4723 266 4791 lintheamina
288 4726 431 4805 meliora,
465 4727 585 4792 cultam
607 4730 748 4808 sardam,
780 4728 938 4812 pellicium
974 4727 1137 4809 vulpinum
1172 4730 1203 4791 et
1235 4726 1407 4806 culcitram,

61 4833 221 4900 cussinum
244 4837 277 4900 et
298 4834 446 4917 pulvinar
479 4835 713 4918 coopertorium
744 4834 919 4917 vulpinum,
952 4833 1208 4918 superpellicium
1241 4851 1340 4898 unum
1367 4833 1410 4899 do

62 4941 161 5008 orori
182 4958 255 5007 mee
276 4941 309 5007 in
322 4939 497 5026 Nendorpe
519 4948 552 5008 et
573 4945 703 5026 insuper
726 4943 855 5008 domina
872 4942 1039 5028 Altheidis)
1058 4943 1148 5009 dabit
1169 4943 1197 5008 ei
1220 4941 1301 5008 duas
1322 4960 1409 5007 mar·
