3210 5354
224 305 289 370 358
866 317 936 371 1999

224 487 400 568 pleniorem
422 487 567 549 nostrum
590 483 725 567 sigillum
749 501 814 548 una
835 501 908 548 curn
924 481 1057 566 predicti
1072 481 1171 547 nostri
1187 480 1314 564 capituli
1336 478 1441 561 sigillo
1464 475 1561 560 majori

226 596 376 661 duximus
408 592 611 678 presentibus
642 591 883 675 apponendum.
928 591 1044 656 Actum
1079 589 1280 673 presentibus
1313 587 1477 654 nobilibus
1503 583 1560 648 virts

225 703 362 769 dominis
375 702 562 768 Hermanno
584 701 624 766 de
645 700 724 780 Lon,
746 699 881 765 Ludolio
899 699 940 764 de
959 698 1156 775 Stenvorde3
1178 696 1316 780 Hugone
1333 694 1428 774 Urso,
1450 692 1560 759 Helen·
1594 742 1597 749 .

224 796 316 878 berto
350 812 390 877 de
423 810 530 888 Horst,
573 808 758 873 Everhardo
803 811 835 873 et
869 807 1055 874 Boldewino
1097 808 1138 873 de
1169 804 1379 886 Varendorpe
1419 802 1558 878 fratribus,

225 921 384 1000 militibus,
412 923 444 985 et
465 917 596 984 Nicolao
618 918 702 983 dicto
724 917 867 1002 Eylelere
889 920 923 982 et
943 917 1011 982 aliis
1033 935 1132 1000 quarn
1153 913 1297 999 pluribus
1320 911 1386 976 ilde
1408 909 1505 993 dignis
1525 907 1556 971 ad
1595 957 1597 996 ;

225 1029 286 1095 hoc
317 1029 435 1094 vocatis
469 1026 647 1111 specialiter
680 1030 713 1091 et
742 1027 870 1108 rogatis.
921 1025 1041 1091 Datum
1074 1024 1295 1105 Osenbrucge,
1329 1039 1419 1086 anno
1451 1016 1555 1084 Domini

226 1133 349 1202 ΜΟΟΟ0
371 1136 580 1218 nonagesimo
603 1156 700 1215 nono,
723 1137 792 1219 ipso
814 1136 865 1201 die
888 1136 1056 1202 beatorum
1073 1133 1227 1202 lohaonis
1245 1135 1279 1196 et
1293 1130 1385 1196 Pauli
1399 1128 1553 1195 martirum.
1591 1184 1596 1192 .

350 1284 411 1352 ‘lite
432 1284 533 1352 bether
556 1285 662 1371 euge
684 1285 748 1371 lehc
770 1286 890 1368 nertett.

333 1485 354 1551 1)
373 1482 419 1542 &o
439 1483 490 1540 boa
508 1481 647 1555 Drlpinol.
672 1482 714 1541 (td
734 1485 763 1557 iit
783 1484 846 1541 eber
865 1485 937 1556 roupi
955 1483 1077 1540 Visbelre
1096 1497 1129 1554 pr
1149 1481 1228 1552 trien,
1245 1482 1298 1537 roic
1318 1479 1383 1551 autb
1402 1475 1551 1545 iiirbrrtiup

225 1569 368 1640 diridictpte
388 1570 436 1627 tce
455 1569 625 1642 illebrrltilta
644 1570 772 1642 munitet
789 1573 832 1626 III
851 1571 889 1630 6.
909 1573 996 1641 XXV,
1013 1574 1042 1629 tn
1063 1574 1147 1628 rlnrrn
1166 1569 1261 1643 ξλεμ)
1280 1568 1363 1639 birler
1382 1567 1499 1625 Urhortr
1514 1565 1551 1620 tn

225 1659 332 1714 itomen
352 1657 527 1730 nlrbrrpicbt.
547 1689 580 1697 -
601 1659 622 1725 ²)
642 1657 815 1727 ttltrrrmctlr,
832 1658 919 1729 uript.
939 1658 1033 1715 tltetle.
1054 1690 1086 1698 -
1113 1659 1135 1727 ²)
1155 1656 1280 1728 {bultten
1298 1657 1341 1713 het
1361 1650 1551 1726 &dimetrum

227 1745 288 1802 obrr
316 1745 356 1800 bei
375 1744 542 1804 Dssnobrird.
581 1777 613 1784 -
650 1746 673 1813 ⁴)
691 1745 915 1818 Quirinpboulrn,
941 1745 1028 1816 sttlpl.
1056 1747 1261 1818 Dltrrcopprln,
1287 1745 1335 1804 er.
1364 1743 1497 1815 blitttopc
1526 1768 1549 1777 -

227 1834 250 1900 ὓ)
269 1831 417 1903 Delinpcn,
435 1831 520 1903 ampl.
540 1831 742 1901 Biterroppcirr.
773 1864 805 1872 -
834 1835 857 1902 ⁶)
877 1832 986 1902 &ttrpo
1004 1834 1090 1905 ttripi
1110 1834 1314 1905 Dltercoppcln.
1347 1862 1379 1871 -
1413 1829 1549 1900 'lpotrw
1593 1820 1597 1858 ³

226 1918 304 1989 lette,
320 1918 407 1991 Μ»)
418 1919 506 1988 (elien,
524 1917 695 1990 Dtbcnburss.
715 1950 748 1958 -
768 1920 791 1987 ⁸)
810 1921 976 1975 Wiehhueen
996 1921 1076 1992 (ntctpt
1088 1921 1163 1993 metr
1175 1918 1345 1990 borbonbrn)
1365 1916 1550 1985 berbicinum

226 2005 272 2064 stt.
292 2006 424 2066 dubbette.
462 2038 494 2045 -
531 2006 554 2073 ⁰)
574 2005 664 2070 littori,
691 2004 736 2063 Str.
757 2004 899 2076 Souppara.
938 2037 969 2045 -
1009 2009 1042 2077 ¹⁰)
1062 2007 1198 2077 uronice,
1224 2005 1313 2078 θήρ).
1333 2003 1495 2075 adrepe
1524 2027 1547 2038 -

228 2098 261 2164 ¹¹)
280 2092 469 2164 ffluldentorl,
487 2092 573 2163 lttipt
593 2094 721 2164 bomne,
739 2093 911 2166 Dltrnburp.
931 2126 962 2135 -
992 2095 1024 2162 ¹²)
1044 2092 1204 2166 ffiimborf,
1222 2091 1365 2163 bourdet.
1385 2083 1549 2160 mildenhall

226 2183 314 2252 ltrlpl.
334 2181 460 2238 bomne.
480 2212 512 2220 -
534 2182 567 2249 ¹³)
585 2181 780 2252 ttrmpboulrn,
797 2180 938 2253 bonerto).
959 2179 1253 2251 btssldentotl,ttrlp1.
1274 2177 1401 2237 vamme.

332 2347 359 2414 a)
378 2345 562 2418 tlencbrlrbcn
580 2346 624 2417 litt
643 2346 782 2418 &bobert
801 2350 868 2416 (oon
887 2347 998 2419 ttblrn).
1035 2347 1100 2418 ilpl.
1119 2346 1169 2403 itt.
1189 2347 1250 2403 560.

226 2816 305 2886 56⁰.
330 2856 367 2866 -
392 2816 582 2898 oenone,
605 2815 697 2894 1299,
720 2812 806 2893 brot
827 2814 879 2885 99.

397 2948 463 3015 ber
485 2946 626 3030 tibelberr
649 2943 767 3025 titubet?
800 2963 859 3012 oon
882 2944 1026 3030 bierunt,
1048 2945 1195 3027 betunbet,
1228 2966 1288 3015 oon
1310 2947 1426 3030 tlildol
1446 2943 1548 3023 runnu

396 3076 454 3124 oon
472 3055 646 3124 Droubrttd
668 3055 798 3138 mettere
815 3055 914 3122 (litter
925 3055 952 3140 ¹)
975 3056 1028 3137 cul
1050 3054 1127 3135 letne
1149 3056 1209 3122 nub
1232 3055 1329 3136 {einer
1344 3056 1427 3141 grou
1445 3054 1548 3121 belena·

396 3167 448 3247 pn
472 3162 650 3242 ibernieien
673 3161 805 3245 erboltor
835 3180 868 3245 pr
891 3161 994 3245 baben.
1039 3163 1105 3229 lber
1127 3161 1273 3244 bifidlool
1302 3165 1354 3231 ber
1376 3163 1471 3231 (diter
1490 3159 1549 3225 lonn

394 3275 471 3354 jener
493 3272 559 3355 gat
583 3287 672 3354 pepon
694 3268 834 3353 goblung
857 3288 915 3336 oon
937 3269 1000 3334 200
1023 3270 1112 3337 litori
1135 3270 1278 3356 erlolpen.

490 3404 637 3475 Drlpiuol:
658 3404 827 3474 bonorare.

354 3523 515 3588 Universis
537 3527 703 3606 presentes
735 3522 856 3586 litteras
890 3523 1077 3605 inspecturis
1109 3543 1169 3589 nos
1191 3525 1350 3592 Rodoltus
1383 3526 1490 3592 nobilis
1518 3520 1553 3583 cir

227 3638 267 3701 de
292 3635 448 3718 Depholte
471 3634 617 3698 volumus
650 3631 717 3697 ficri
753 3631 955 3697 manifestum
977 3633 1102 3716 publice
1126 3636 1353 3716 protestantes,
1376 3636 1460 3719 quod
1480 3650 1554 3697 rere

227 3747 345 3810 raudus
381 3749 472 3826 pater
505 3762 542 3808 ac
577 3743 734 3819 dominus,
769 3742 917 3806 dominus
950 3742 1138 3807 lodewicus
1160 3742 1421 3828 osnaburgensis
1445 3740 1556 3809 ecclesie

226 3858 394 3939 episcopus
427 3855 519 3919 nobis
552 3856 584 3916 et
618 3855 726 3916 nostre
760 3853 850 3916 uxori
883 3853 1021 3935 legitime
1054 3872 1126 3917 cum
1160 3872 1322 3918 consensu
1356 3856 1388 3918 et
1414 3853 1556 3918 voluntate

227 3963 462 4029 honorabilium
494 3963 633 4026 virorum
668 3961 870 4026 dominorum
893 3962 1037 4045 Hugonis
1070 3964 1233 4046 prepositi,
1267 3963 1442 4030 Everbardi
1463 3959 1557 4030 decani

228 4078 259 4137 ct
282 4073 406 4155 capituli
430 4071 552 4154 pretate
575 4071 705 4136 ecclesie
728 4069 985 4153 Osnaburgensis
1013 4073 1129 4137 dimisit
1152 4076 1183 4136 et
1205 4074 1381 4156 assignarit
1403 4074 1516 4140 curiam
1533 4071 1558 4131 el

228 4182 446 4247 molendinum
469 4179 501 4243 in
514 4179 615 4255 Melle,
638 4179 771 4244 domum
794 4180 824 4243 in
840 4179 990 4260 Risbelre,
1014 4183 1147 4246 domum
1160 4183 1190 4246 in
1206 4181 1421 4258 Oldenmelle,
1443 4182 1559 4247 domurn

228 4295 259 4356 in
282 4290 535 4365 illullhammen,
559 4288 690 4351 domum
714 4286 745 4349 in
768 4286 999 4370 Yozinghusen.
1033 4289 1164 4353 domum
1188 4293 1220 4354 et
1242 4309 1352 4356 casam
1376 4292 1408 4356 in
1431 4290 1560 4370 Olingeu

228 4402 360 4464 domum
393 4400 459 4462 sive
493 4396 657 4474 allodium,
702 4397 788 4477 quod
822 4398 916 4480 vulgo
949 4399 1061 4463 dicitur
1094 4399 1260 4478 rorewerlc,
1295 4402 1328 4466 in
1350 4401 1561 4480 stederdorp,

228 4510 360 4574 domum
394 4509 425 4572 in
459 4505 693 4588 Harpenvelde,
737 4506 868 4571 domum
905 4509 936 4572 in
968 4508 1165 4575 Wichlrusen
1196 4511 1289 4592 juxta
1312 4509 1470 4592 llilingeo,
1508 4512 1562 4571 tres

229 4617 342 4680 domos
365 4617 396 4680 in
420 4614 526 4692 Merle,
563 4632 660 4678 unam
696 4613 827 4678 domum
862 4620 893 4679 et
925 4623 1049 4700 septem
1083 4636 1176 4683 casas
1210 4619 1242 4682 in
1264 4617 1385 4698 Grollo,
1419 4619 1563 4684 decimum

229 4728 366 4805 quatuor
388 4722 558 4788 domorum
589 4722 620 4785 in
642 4720 906 4804 Ruschendorpe,
939 4723 1075 4789 duarum
1098 4725 1270 4791 domorum
1292 4727 1326 4791 in
1348 4725 1563 4808 Ydelingtorpe

229 4834 261 4893 et
293 4831 385 4895 unius
419 4830 450 4894 in
473 4828 698 4912 Gempehusen
731 4846 805 4893 cum
838 4831 985 4896 omnibus
1013 4833 1138 4914 juribus
1170 4836 1204 4897 et
1235 4832 1438 4916 pertinentiis
1458 4832 1566 4899 suiset

229 4938 399 5020 potestate,
422 4953 520 5018 quam
543 4934 655 5000 habuit
676 4935 707 4998 in
730 4934 861 4999 easdem
877 4937 919 5002 ed
934 4939 1173 5022 percipiendum
1195 4938 1424 5007 attollendum
1446 4939 1566 5013 fredus.
