3210 5354
140 263 162 326 2
778 276 845 331 1281

267 440 455 507 Helmoldus
472 441 528 506 Dei
551 443 652 523 gratia
674 442 865 524 prepositus,
887 440 1138 526 B(ertrammus)
1160 438 1301 505 decanus
1323 440 1384 502 tote

140 549 312 632 capitulum
346 549 478 615 ecclesie
511 550 766 632 Osnaburgensis
799 551 948 615 omnibus
981 552 1013 615 in
1045 552 1237 631 perpetuum
1270 550 1384 640 notum

138 658 283 740 cupimus
305 661 336 723 et
357 659 558 741 presentibus
580 659 803 739 protestamur,
836 656 923 739 quod
956 676 1016 723 nos
1049 661 1183 725 domum
1215 677 1288 723 cum
1321 661 1384 747 ort<

136 768 263 850 jacente
295 767 382 849 apud
413 768 578 849 pistrinam
611 766 643 830 in
675 765 811 830 claustro
843 768 953 829 nostro
984 765 1120 833 Ludollo
1154 767 1194 831 de
1229 764 1384 830 Lochuser

139 873 377 956 Osnaburgensi
409 893 447 940 ac
469 873 648 939 Wendelen
678 874 769 937 uxori
801 891 859 936 sue
891 891 950 954 pro
982 873 1042 938 XX
1064 873 1179 940 marcis
1209 873 1328 938 usualis
1360 893 1384 937 n

138 981 339 1046 vendidimus
360 980 469 1059 libere,
492 981 600 1064 quoad
622 980 765 1059 vixerint,
787 980 1015 1063 possidendam
1039 985 1070 1046 et
1093 983 1219 1065 quiete:
1243 981 1286 1045 ita
1308 984 1384 1045 tamt

139 1089 269 1170 singulis
300 1090 391 1154 annis
424 1090 456 1153 in
488 1091 703 1155 anniversario
735 1090 890 1156 Gerhardi
922 1110 1035 1156 eorum
1071 1090 1124 1156 filii
1156 1091 1196 1154 Ill
1218 1089 1338 1155 solidos
1371 1108 1384 1153 v

139 1201 279 1277 monete,
302 1216 383 1280 quos
405 1197 560 1263 hactenus
582 1199 623 1263 de
641 1199 738 1263 domo
754 1199 896 1281 ipsorum
914 1200 946 1263 in
962 1199 1088 1264 civitate
1105 1196 1242 1282 capitulo
1256 1196 1384 1280 persolv

139 1305 231 1370 nobis
264 1309 296 1369 et
328 1306 444 1371 nostris
476 1306 712 1372 successoribus
745 1305 939 1388 persolvant.
982 1306 1063 1371 Item
1100 1309 1317 1390 protestamur
1361 1304 1384 1368 ir

139 1414 272 1496 scriptis,
308 1415 395 1496 quod
426 1414 574 1480 dominus
595 1414 804 1497 Segenandus
826 1416 983 1497 plebanus
1005 1418 1115 1480 sancte
1137 1414 1236 1480 Marie
1258 1413 1384 1495 virginis

139 1521 270 1586 civitatis
292 1521 548 1604 osnaburgensis
579 1522 756 1588 Xmarcas
789 1527 819 1588 et
854 1525 985 1607 predicti
1019 1523 1174 1589 Ludolfus
1197 1526 1228 1587 et
1251 1520 1384 1587 Wendel

139 1648 263 1695 marcas
295 1630 415 1694 usualis
446 1634 575 1695 monete
607 1631 649 1695 ad
681 1631 836 1697 honorem
867 1632 936 1714 Dei,
969 1636 1080 1699 sancte
1101 1631 1200 1697 Marie
1234 1649 1272 1695 ac
1305 1648 1382 1693 sanc

137 1740 343 1820 patronorum
376 1740 559 1802 nostrorum
585 1737 669 1803 Petri
691 1741 723 1802 et
744 1739 880 1822 Crispini
903 1744 934 1805 et
957 1740 1146 1824 Crispiniani
1179 1742 1211 1804 et
1244 1739 1276 1804 in
1310 1758 1384 1803 rem

137 1846 315 1911 animarum
346 1865 457 1911 eorum
491 1850 522 1911 et
552 1847 693 1911 omnium
717 1865 776 1928 pro
799 1847 915 1930 quibus
937 1850 1144 1916 elemosinam
1173 1847 1317 1913 conterre
1339 1849 1384 1910 ter

138 1958 247 2019 nostro
269 1955 406 2037 capitulo
428 1956 479 2037 pie
502 1954 702 2019 contulerunt
729 1958 761 2019 et
782 1956 897 2021 devote
919 1957 973 2021 tali
997 1959 1128 2042 quidem
1141 1957 1274 2040 ¹adjecta
1296 1954 1384 2019 condi

137 2066 172 2127 ut
205 2083 277 2128 cum
313 2064 461 2151 predictis
494 2063 631 2129 denariis
665 2063 706 2127 de
728 2067 837 2129 nostro
871 2065 1000 2131 consilio
1023 2064 1165 2130 redditus
1187 2064 1384 2145 comparenti

137 2172 197 2254 ipsi
232 2173 363 2237 eosdem
397 2171 539 2237 redditus
571 2171 701 2237 nomine
730 2173 828 2237 nostri
860 2175 986 2256 capituli
1008 2174 1117 2258 quoad
1139 2172 1272 2237 vixerint
1292 2170 1384 2235 libere

137 2280 262 2344 sideant
295 2282 327 2343 et
360 2281 465 2362 quiete
496 2280 550 2358 ita,
583 2281 618 2343 ut
640 2279 776 2362 quisque
808 2284 932 2362 partem
966 2285 1062 2365 prout
1083 2281 1144 2346 sibi
1165 2279 1316 2360 competit
1338 2297 1384 2342 acl

137 2386 281 2452 videlicet
303 2387 451 2451 dominus
473 2385 682 2467 Segenandus
715 2388 884 2469 septimam
917 2393 1043 2471 partem
1076 2392 1109 2452 et
1140 2388 1215 2452 ante
1239 2385 1313 2450 dicti
1335 2385 1382 2450 Lu

138 2497 170 2558 et
191 2494 347 2559 Wendele
380 2513 436 2558 sex
469 2497 576 2576 partes
607 2497 639 2558 et
669 2494 771 2559 dictus
793 2495 1003 2579 Segenandus
1035 2493 1200 2560 annuatim
1233 2492 1274 2556 de
1307 2497 1384 2575 parti

139 2601 219 2665 llllor
251 2601 379 2680 solidos,
413 2601 567 2667 Ludolfus
599 2621 676 2667 vero
709 2605 741 2666 et
763 2600 919 2667 Wendele
952 2604 993 2668 de
1025 2604 1115 2684 parte
1147 2617 1206 2663 sua
1239 2598 1279 2662 Vl
1308 2599 1384 2664 solid

137 2713 250 2776 octava
271 2709 442 2775 nativitatis
474 2709 609 2791 gloriose
641 2709 768 2803 virginis
790 2710 887 2775 Maria
920 2714 1031 2777 nostro
1060 2709 1197 2792 capitulo
1227 2708 1384 2790 persolvet

137 2819 287 2902 deinceps
315 2821 427 2884 octava
455 2818 629 2884 nativitatis
659 2820 769 2882 sancte
792 2817 890 2882 blarie
917 2818 1044 2911 virginis
1068 2818 1112 2901 ‚in
1143 2823 1249 2899 cantu,
1284 2818 1384 2882 indun

137 2926 287 3005 candelis,
310 2926 436 3007 organis
459 2930 490 2989 et
512 2926 677 3009 campanis
700 2927 863 2991 innostra
886 2927 1017 2991 ecclesia
1047 2926 1092 2991 ita
1113 2927 1299 3010 sollempnis
1321 2926 1384 2991 hab

137 3037 172 3098 ut
193 3035 264 3116 ipsa
285 3034 353 3098 dics
374 3032 547 3098 nativitatis
569 3037 679 3098 sancte
701 3032 800 3097 Maria
824 3033 950 3116 virginis
972 3033 1085 3099 haberi
1107 3036 1280 3101 consuevit.
1307 3034 1359 3100 Sic
1380 3056 1384 3097 ε

137 3141 345 3207 distribuendi
368 3144 442 3205 sunt
463 3142 596 3224 predicti
618 3143 753 3208 Xsolidi
775 3144 817 3208 ad
839 3143 929 3207 XXX
945 3142 1078 3210 fratrum
1103 3144 1302 3227 prebendas:
1326 3144 1384 3208 dal

135 3254 259 3333 septem
291 3250 382 3316 solidi
415 3253 447 3314 et
476 3270 532 3314 sex
565 3251 686 3316 denarii
717 3252 829 3317 decem
855 3253 947 3318 novis
967 3251 1099 3329 vicariis,
1133 3251 1296 3316 dabuntur
1316 3250 1384 3314 Xd

135 3357 273 3440 plebano
290 3359 383 3440 primi
399 3359 516 3437 altaris,
539 3359 582 3423 IX
597 3359 722 3424 denarii
739 3379 798 3443 pro
811 3359 901 3423 XXX
918 3358 1058 3425 candelis
1081 3356 1163 3422 circa
1184 3357 1318 3423 chorum
1333 3376 1384 3440 por

136 3468 168 3528 et
201 3464 278 3543 aliis,
312 3484 374 3546 que
407 3465 449 3530 ad
481 3456 597 3529 festum
620 3466 834 3549 requiruntur,
865 3467 996 3532 sacriste
1017 3467 1040 3543 I,
1075 3468 1111 3529 ut
1132 3465 1281 3530 incendat
1304 3484 1368 3544 eas,

135 3573 274 3654 panariis
296 3571 391 3652 llH01,
423 3576 459 3638 ut
491 3573 708 3656 sollempniter
729 3576 866 3659 pulsent,
895 3576 949 3657 qui
982 3576 1109 3639 cantatz
1138 3573 1217 3638 liber
1239 3573 1381 3656 generati

136 3685 167 3747 et
189 3682 202 3746 l
224 3682 391 3747 denarium
412 3681 542 3746 habebit
563 3687 668 3747 rector
688 3703 891 3765 organorum.
927 3682 1008 3747 Item
1031 3685 1247 3764 protestamur
1272 3682 1349 3747 illud
1371 3682 1384 3744 l

135 3788 240 3853 taliter
272 3808 342 3852 esse
371 3793 526 3871 perpetuo
548 3789 802 3856 observandum:
835 3790 942 3855 Prima
964 3790 1139 3873 antiphona
1171 3789 1213 3853 ad
1235 3807 1384 3870 vesperas

136 3896 258 3976 „Adest
277 3902 449 3978 namque“,
473 3897 627 3962 secunda:
652 3897 832 3979 „Quoniam
848 3901 924 3963 nata
946 3900 1024 3976 est‘,
1048 3897 1161 3961 tercia:
1185 3894 1384 3975 „Nativitatis

136 4003 266 4087 quarta:
312 4003 519 4085 „Descendi“,
564 4006 675 4088 quinta
684 3987 699 4069 ε’
737 4005 839 4086 „Tota
875 4006 1008 4089 pulchra
1041 4009 1106 4069 es.“
1151 4003 1384 4086 Responsoriuv

135 4129 302 4194 vesperas:
337 4111 385 4191 „O
419 4112 516 4177 decus
549 4112 765 4196 virginitatis“,
799 4113 974 4196 antiphona
1007 4132 1104 4196 super
1136 4112 1336 4195 magnificat:
1371 4161 1384 4191 ,

135 4239 205 4285 sum
240 4220 297 4284 sed
331 4219 515 4298 formosa“;
547 4221 590 4286 ad
623 4219 881 4303 completorium:
916 4221 986 4300 „Fit
1016 4223 1122 4304 porta·
1141 4218 1257 4285 Christi
1294 4221 1384 4302 pervi

135 4328 251 4406 „Alma
272 4328 515 4410 redemptoris.“
559 4328 712 4393 Matutine
745 4331 777 4392 et
809 4329 868 4393 alie
890 4328 969 4394 hore
991 4328 1052 4392 sint
1074 4326 1268 4409 sollempnes
1302 4330 1339 4391 ut
1371 4326 1384 4388 i:

134 4437 264 4511 sancto;
298 4435 340 4501 ad
363 4453 525 4499 summam
547 4435 696 4499 missam:
731 4434 887 4519 „Alleluja
916 4437 1003 4517 virga
1024 4434 1145 4515 lesse“,
1179 4436 1363 4518 sequentia:

133 4540 266 4622 Maria“,
288 4543 501 4607 offertorium:
536 4542 739 4622 „Recordare
762 4544 849 4626 virgo
871 4546 1006 4623 mater“,
1028 4529 1228 4608 communio:
1266 4544 1357 4622 „Ave
1379 4563 1384 4606 1

134 4649 317 4727 celorum·‘;
349 4648 382 4713 in
403 4649 552 4714 secundis
574 4649 715 4732 vesperis
736 4650 1031 4734 antiphonasuper
1050 4650 1209 4733 psalmos:
1242 4649 1335 4731 „Que
1358 4670 1384 4714 er

131 4772 197 4821 me
223 4755 455 4840 progreditud‘,
485 4776 620 4840 ymnus:
653 4757 745 4840 „Ave
766 4758 864 4824 maris
885 4758 1006 4839 stella“,
1039 4757 1215 4842 antiphona
1236 4777 1337 4847 super
1358 4779 1384 4824 m

213 4862 344 4948 r'„lsta
364 4864 414 4929 est
434 4864 610 4949 speciosa‘t
653 4863 733 4933 ltem
764 4868 872 4934 actum
904 4870 964 4948 est,
993 4869 1040 4950 ut,
1069 4865 1096 4932 si
1123 4866 1289 4951 coutmerit
1318 4868 1384 4934 dou
