3210 5354
740 352 809 420 laea
1380 343 1445 410 229

145 526 358 606 2.-1292.
381 525 570 612 §utentes
590 527 643 599 25.

268 657 385 742 illidet
402 658 525 726 Roncob
556 677 616 727 oon
648 657 822 728 Oanobrtid
854 659 1009 747 tbccttdgt
1040 662 1106 729 tent
1128 660 1242 741 libitos
1264 658 1354 730 nune
1388 660 1444 729 boc

146 828 152 838 .
269 768 448 853 &gruttam
470 769 524 836 tea
547 767 642 836 urbes
659 765 806 850 bugclott
828 769 944 856 (nant.
959 771 1098 856 bngtet),
1119 769 1236 853 octuber
1258 771 1315 837 boa
1331 768 1445 849 titolo

199 962 204 968 ³
266 894 346 1070 31:151
360 877 651 1071 zeuntrteolnobrttdet
683 877 805 964 tltcgec
833 878 986 963 (botddet
1009 878 1107 948 &tide
1139 878 1191 962 istc
1212 878 1255 944 42
1276 876 1366 947 utcu
1398 894 1444 963 gc=

365 1119 497 1194 wicbolt
515 1120 563 1177 ted
582 1120 624 1177 14.
643 1117 745 1191 &obeb
766 1121 794 1177 in
813 1118 883 1191 illic
902 1120 966 1189 217,
982 1121 1026 1177 49.
1099 1179 1103 1189 ,

227 1238 396 1305 Conradus
417 1237 475 1303 Dei
496 1238 598 1321 gratia
613 1237 870 1321 osnaburgensis
892 1239 1023 1304 ecclesie
1040 1239 1207 1323 episcopus
1223 1238 1381 1318 omnibus,
1403 1238 1445 1303 ad

145 1366 183 1414 os
204 1366 339 1431 presens
360 1346 513 1430 scriptum
534 1346 724 1430 pervenerit,
746 1347 881 1413 salutern
904 1347 937 1413 in
949 1346 1096 1413 Domino.
1118 1345 1320 1412 Universitati
1340 1348 1445 1411 vestre

146 1476 161 1520 r
179 1458 346 1539 presentes
367 1458 479 1521 notum
502 1455 752 1536 essevolumus,
784 1456 871 1539 quod
893 1460 1069 1522 conventus
1091 1455 1276 1521 monasterii
1296 1455 1329 1519 in
1351 1453 1445 1520 Rulle

145 1566 201 1630 siri
222 1564 356 1630 diocesis
379 1562 595 1630 cisterciensis
618 1563 736 1630 ordinis
760 1564 892 1629 domum
915 1564 1078 1648 quandam
1100 1564 1132 1630 in
1154 1564 1321 1649 parrochia
1341 1563 1445 1648 Enge·

145 1693 192 1740 ren
212 1674 307 1739 silam
327 1671 510 1739 Hulresbole
532 1672 660 1754 dictam,
682 1691 779 1739 unam
802 1692 920 1753 casam,
943 1693 1006 1757 que
1020 1676 1069 1740 est
1083 1673 1115 1738 in
1132 1674 1246 1739 eadem
1267 1673 1350 1755 villa,
1372 1693 1445 1740 curn

145 1782 295 1861 minibus,
317 1780 419 1865 lignis,
448 1782 548 1865 pratis
571 1785 602 1846 el
623 1781 749 1865 pascuis
770 1782 985 1865 omnibusque
1007 1782 1180 1849 attinentiis
1200 1801 1220 1848 a
1242 1782 1445 1867 Godeirigido

145 1894 187 1954 cto
207 1888 310 1956 Sticke
332 1893 441 1956 nostre
462 1889 595 1956 civitatis
621 1890 780 1973 burgense
801 1909 860 1973 pro
883 1889 964 1955 ΧΠ*
992 1895 1024 1957 et
1057 1891 1183 1957 duabus
1214 1891 1329 1957 marcis
1358 1910 1446 1958 oom-

145 1999 233 2075 rarit,
266 2016 364 2080 quarn
399 1997 483 2062 idern
505 1997 667 2064 Gctiridus
701 2001 733 2063 et
765 2017 846 2063 uxor
876 2000 945 2083 ejus
976 1997 1160 2084 Margareta
1191 2018 1263 2065 cum
1297 1999 1446 2066 omnibus

145 2105 272 2171 cedibus
294 2105 437 2189 ipsorum
471 2104 504 2169 in
535 2123 652 2171 manus
673 2110 799 2171 nostras
825 2106 972 2172 absolute
994 2110 1025 2171 et
1046 2106 1172 2190 publice
1194 2107 1445 2191 resignaverunt.

145 2229 169 2277 >s
182 2232 273 2300 pero,
297 2215 351 2298 qui
374 2212 529 2278 universis
550 2214 644 2279 nobis
666 2214 842 2280 commissis
858 2215 998 2279 maxime
1015 2218 1125 2281 tamen
1147 2216 1325 2298 religiosam
1348 2216 1446 2281 vitam

145 2323 269 2392 entibus
291 2341 350 2406 pro
372 2322 504 2388 modulo
537 2327 647 2389 nostro
669 2323 867 2410 subssev)are
899 2329 1056 2402 tenemur,
1089 2325 1122 2389 in
1154 2324 1312 2390 honorem
1335 2324 1393 2390 Dei
1415 2327 1448 2390 et

145 2448 171 2495 us
189 2430 348 2515 genitricis
370 2449 430 2497 nec
452 2449 517 2497 non
540 2432 771 2499 internodium
793 2435 998 2516 peccatorum
1019 2435 1203 2499 nostrorum
1217 2433 1447 2517 proprietatem

145 2539 243 2606 usdem
276 2539 393 2605 domus
425 2538 550 2624 pretato
582 2540 752 2606 'conventui
785 2540 884 2606 libere
917 2539 1108 2606 contulimus
1131 2543 1161 2605 et
1184 2542 1341 2622 absolute,
1372 2561 1447 2625 pre-

145 2649 225 2714 ntem
246 2647 398 2732 paginam
421 2647 521 2730 sigillo
544 2651 654 2715 nostro
675 2648 860 2728 muniendo,
882 2668 924 2715 ne
945 2649 1053 2733 aliqua
1074 2650 1286 2733 inposterum
1301 2651 1448 2735 calump-

145 2772 230 2823 rseu
251 2757 386 2823 dubium
421 2757 525 2822 eidem
559 2757 678 2822 oriatur
707 2758 887 2824 conventui.
931 2759 1012 2824 Acta
1029 2761 1110 2824 ‘sunt
1130 2758 1190 2824 hec
1211 2777 1297 2825 anno
1319 2759 1447 2825 Domini

145 2863 201 2932 ”CC
223 2866 432 2950 nonagesimo
454 2865 509 2947 11⁰,
542 2865 597 2931 vu
628 2864 790 2931 Kalendas
822 2866 978 2934 Octobris.
1021 2866 1145 2947 Testes,
1180 2867 1234 2951 qui
1266 2867 1340 2933 huic
1362 2866 1445 2934 facto

145 2977 283 3054 lecerunt,
314 2976 357 3041 hii
389 2980 483 3042 sunt:
527 2975 730 3041 Boldewinus
740 2975 767 3061 ¹)
789 2973 922 3059 dapifer,
955 2975 1048 3059 Hugo
1071 2976 1112 3041 de
1133 2975 1247 3053 Wede,
1280 2974 1443 3042 iohannes

145 3081 240 3167 n‘ptor,
274 3083 476 3150 Everhardus
509 3083 651 3150 officialis
677 3086 795 3162 noster,
828 3082 975 3150 Hinricus
1004 3086 1114 3170 judex,
1147 3084 1311 3150 iohannes
1333 3084 1444 3166 Erant,

145 3187 264 3259 'escelus
286 3192 410 3259 Vullete
443 3197 474 3259 et
508 3193 561 3259 alii
593 3211 691 3277 quarn
722 3192 830 3275 plures
862 3192 994 3258 civitatis
1028 3198 1136 3259 nostre
1168 3193 1390 3260 ministeriales
1413 3198 1447 3259 et

145 3316 287 3386 ugenses.

207 3453 228 3521 ¹)
247 3456 302 3509 bon
320 3449 509 3521 botentrot)
531 3450 585 3523 bgt.
606 3450 656 3507 lit.
675 3450 737 3506 362.

145 3722 171 3795 ll·
189 3766 228 3778 -
250 3727 426 3816 (benoth),
450 3728 544 3809 1292,
567 3727 753 3811 &calentes
774 3727 827 3799 27.

265 3861 514 3941 illienltnonnen,
543 3859 684 3942 &difien
707 3860 767 3927 unb
792 3858 1004 3941 lictbmcnncn
1035 3879 1094 3928 oon
1127 3859 1256 3940 baloth
1287 3857 1445 3939 betunbcn,

265 3969 325 4047 boi
346 3987 402 4037 occ
423 3969 513 4048 ibren
535 3967 636 4036 liittct
659 3967 782 4037 antbert
804 3986 863 4035 oon
885 3967 999 4048 turbem
1021 3969 1082 4036 unb
1105 3968 1214 4052 liconti
1236 3968 1362 4036 berner
1383 3985 1443 4034 non

265 4065 361 4162 illene
383 4077 432 4162 [cd
455 4080 527 4145 ittet
550 4078 606 4145 ben
628 4077 762 4161 Bebnten
784 4095 842 4145 oon
866 4076 970 4147 illinet
992 4079 1097 4163 giutid)
1119 4077 1263 4163 cercinigt
1285 4076 1389 4162 baben.

363 4211 511 4284 unglnu:
531 4212 735 4282 &luctantum

225 4331 320 4398 Nos.
344 4380 352 4398 .
375 4330 627 4398 ministeriales.
653 4382 659 4396 .
683 4330 803 4395 scabini
826 4333 857 4394 et
880 4331 1026 4396 consules
1047 4329 1289 4395 Hervordenses
1313 4381 1320 4396 .
1343 4380 1351 4396 .
1374 4349 1446 4394 orn·

145 4428 196 4501 llus
216 4437 329 4504 Christi
352 4438 509 4519 fidelibus,
542 4439 584 4504 ad
607 4457 687 4522 quos
710 4457 843 4520 presens
865 4441 1016 4521 scriptum
1040 4438 1230 4520 pervenerit,
1253 4437 1389 4503 salutern
1411 4439 1444 4502 in

145 4544 237 4610 anino
268 4548 507 4630 sempiternam.
559 4545 678 4612 Notum
713 4565 784 4611 esse
816 4545 963 4611 volumus
997 4547 1160 4624 universis,
1194 4546 1281 4629 quod
1305 4597 1313 4613 .
1336 4597 1344 4613 .
1367 4565 1444 4612 con·

146 4657 254 4720 uenies
275 4674 383 4722 coram
406 4655 500 4721 nobis
531 4654 679 4721 dominus
701 4653 901 4720 Wernberus
931 4656 1110 4740 prepositus
1133 4655 1164 4720 in
1187 4654 1293 4720 Osede
1316 4658 1348 4720 et
1368 4653 1443 4722 Lul-

145 4759 214 4826 ecus
233 4764 406 4831 deDebem
429 4765 520 4831 miles
537 4758 615 4830 ¹curn
639 4815 648 4833 .
672 4814 679 4830 .
702 4764 771 4831 filiis
794 4765 859 4829 suis
881 4764 997 4829 scilicet
1016 4763 1153 4845 Hugone
1175 4766 1207 4828 et
1229 4813 1237 4829 .
1260 4812 1268 4829 .
1291 4761 1444 4830 Lutberto

145 4869 275 4937 undem
309 4873 542 4939 dissensionem
575 4873 616 4938 de
650 4874 774 4939 decima
797 4873 828 4936 in
850 4871 976 4937 Kilvere
985 4875 1010 4955 ¹)
1037 4871 1107 4951 sita,
1141 4892 1204 4956 que
1226 4873 1285 4955 ipsi
1306 4873 1444 4938 claustro

145 4971 264 5046 ¹¹Osede
284 4982 432 5066 pertinet,
453 4981 487 5046 in
508 4998 574 5064 qua
595 4981 724 5063 quidem
745 4981 869 5046 decima
890 4979 1050 5064 predictus
1071 4980 1162 5044 miles
1185 4983 1217 5045 et
1239 5031 1246 5046 .
1270 5031 1277 5047 .
1300 4979 1353 5045 tilii
1375 4981 1444 5063 ejus
