3210 5354
729 390 879 462 liudtmqa
1414 377 1478 442 437

146 555 294 638 algentia
317 556 468 640 qualibet,
503 577 561 641 por
594 577 691 641 quarn
727 559 828 641 possit
859 558 1002 640 ejusdem
1023 557 1161 640 provisio
1185 559 1340 640 impediri.
1382 558 1485 623 Salvis

145 681 241 729 amen
263 663 423 728 mandatis
446 664 636 748 apostolicis,
659 663 775 746 quibus
798 683 863 729 non
880 666 1075 730 intendimus
1086 668 1272 732 auctoritate
1285 669 1483 750 presentium

145 770 342 854 rejudicium
363 773 519 853 generari.
564 771 671 850 Quare
695 772 788 836 vobis
822 773 1025 852 mandamus,
1060 775 1211 856 quatinus
1241 776 1265 838 si
1289 775 1483 858 predicti..

145 879 314 962 repositus
336 879 478 945 decanus
501 864 532 945 e‘t
554 879 727 962 capitulum
752 880 783 944 id
805 879 1004 963 neglexerint
1020 881 1206 963 adimplere,
1228 900 1286 946 vos
1309 901 1364 947 eos
1387 882 1428 946 ad
1451 882 1484 947 id

145 986 322 1052 actoritate
344 991 455 1052 nostra
476 987 651 1053 monitione
673 988 829 1070 premissa
860 1006 918 1070 per
947 1006 1117 1052 censuram
1140 987 1383 1055 ecclesiasticam
1407 1009 1484 1055 con-

145 1091 266 1160 allatis.
311 1092 406 1171 Quod
428 1094 453 1158 si
476 1113 542 1159 non
564 1095 662 1159 ambo
685 1099 716 1159 et
738 1097 854 1161 celem.
898 1094 1015 1160 Datum
1049 1098 1082 1159 et
1104 1100 1220 1162 cetera.
1264 1097 1367 1179 Huius
1390 1098 1484 1181 igitur

145 1199 320 1267 ‚actoritate
342 1201 565 1267 mandativus
588 1221 757 1267 monemus
780 1207 811 1266 et
832 1220 984 1283 rogamus
1003 1204 1124 1265 attente
1147 1202 1369 1269 nichilominus
1392 1203 1483 1269 vobis

145 1307 353 1392 recipientes,
375 1310 523 1391 quatinus
545 1309 704 1392 prefatum
728 1307 965 1393 Glodelridum)
988 1310 1178 1374 canonicum
1202 1310 1427 1376 Coloniensem
1450 1311 1483 1374 in

145 1421 273 1482 iastrum
296 1418 546 1483 concanonicum
581 1421 613 1482 et
643 1418 675 1480 in
708 1417 839 1481 fratrem
872 1414 1048 1480 secundum
1082 1414 1220 1480 formam
1253 1414 1400 1498 superius
1427 1433 1483 1480 ex·

145 1542 276 1589 ›ressanr
297 1524 486 1606 recipientes
497 1524 708 1607 prebendam,
732 1524 970 1607 quamprimum
994 1522 1090 1588 adid
1112 1523 1261 1606 optulerit
1283 1542 1318 1587 se
1340 1521 1482 1599 facultas,

145 1630 304 1698 metaliter
336 1633 440 1698 eidem
472 1632 679 1700 conferendo.
722 1632 873 1715 Alioquin
896 1651 952 1696 vos
980 1630 1195 1714 peremptorie
1216 1632 1362 1709 citamus,
1395 1633 1430 1695 ut
1450 1631 1483 1695 in

145 1738 271 1805 uaslino
292 1739 393 1804 sancti
422 1739 521 1822 Egidii
554 1758 662 1806 coram
694 1739 788 1806 nobis
821 1740 852 1804 in
887 1742 997 1804 nostra
1028 1739 1240 1821 compareatis
1274 1738 1406 1803 ecclesia
1438 1739 1480 1804 ad

145 1847 380 1926 mandendum,
423 1866 525 1931 quare
557 1848 589 1913 id
621 1848 725 1913 lacere
768 1866 833 1912 non
867 1846 1020 1912 debeatis.
1086 1844 1203 1909 Datum
1236 1862 1322 1910 auno
1355 1843 1482 1910 Domini

145 1954 438 2035 urcc⁰x⁰uvr111a
461 1957 493 2020 in
515 1959 629 2022 octava
650 1955 869 2038 apostolorum
892 1954 978 2019 Petri
1000 1957 1032 2018 et
1053 1951 1152 2018 Pauli.

258 2085 319 2153 ibis
352 2084 621 2171 montaltlnniqen
652 2085 763 2170 sceqer
791 2105 814 2170 a.
837 2086 896 2170 ab.
930 2084 1078 2170 arbetion:
1124 2084 1156 2165 1)
1186 2081 1367 2164 northildis
1393 2081 1479 2157 aitte,

145 2192 430 2259 >canistrellum
452 2190 566 2260 auden
588 2193 822 2277 qeqeneinonbu
844 2192 955 2276 paleira
978 2194 1038 2261 aab
1061 2192 1130 2276 noct)
1153 2193 1225 2260 oben
1248 2191 1387 2275 idouenb
1410 2191 1483 2276 anei

145 2299 230 2386 [liget
253 2300 448 2387 (litarent);
490 2300 524 2387 2)
546 2301 621 2385 nidi
643 2301 725 2385 meir
746 2319 781 2385 aa
803 2299 954 2368 sdannen.

145 2771 207 2842 l82
231 2775 390 2847 -125a
433 2774 492 2843 uu.
514 2775 542 2839 ll
564 2774 621 2842 lic.
643 2775 717 2841 572.

396 2904 529 2976 Driqlnol
548 2907 584 2962 bn
604 2903 789 2979 vitalitium
809 2907 1053 2966 oeirautultnrlut.

257 3023 524 3109 mutiqunqen:
548 3023 591 3090 6.
614 3021 678 3088 446
698 3023 734 3107 3.
758 3024 778 3088 6
801 3043 828 3090 n.
852 3041 878 3090 a.
901 3028 1123 3106 provocentur.

257 3154 351 3224 ttrite
374 3154 482 3239 &isael
503 3153 679 3239 abquaiien.

145 3623 208 3693 aa.
228 3662 273 3675 —
294 3624 508 3711 tentabam,
531 3624 625 3697 1250.

299 3753 381 3836 &rai
393 3752 468 3823 Dite
483 3772 543 3823 oon
560 3755 757 3840 aculeorum
780 3754 917 3823 betunbet
939 3754 1037 3837 leinen
1054 3757 1115 3824 rob
1133 3756 1185 3823 bea
1202 3755 1478 3842 austrebatinse

298 3861 422 3929 Ronrab
444 3861 695 3944 Scapesculdere
717 3862 846 3946 ilerqidn
877 3860 931 3942 cui
953 3862 1038 3929 einen
1060 3881 1129 3930 conr
1152 3863 1269 3946 bilibri
1290 3882 1350 3932 oon
1372 3863 1479 3932 Dono·

297 3967 379 4037 brlid
401 3967 613 4052 {obstantiam
634 3970 768 4054 grimm
790 3988 824 4054 aa
847 3968 1013 4052 bilringen.

394 4098 542 4172 Saginai:
562 4097 747 4173 dllitbbdlcbea
766 4100 1010 4159 uenauulrurnt.

254 4220 331 4286 Otto
364 4219 422 4284 llei
455 4219 555 4301 gratia
589 4238 697 4284 comes
731 4218 772 4283 de
804 4217 1019 4299 Tekeneburg
1052 4216 1200 4282 omnibus
1231 4217 1292 4283 hoc
1325 4220 1476 4302 scriptum

145 4328 240 4395 ‘buris
262 4327 398 4393 salutern
421 4327 452 4390 in
476 4325 622 4393 Domino.
659 4325 767 4390 Sciant
790 4325 937 4403 universi,
961 4325 1049 4408 quod
1072 4324 1240 4390 Conradus
1263 4324 1354 4389 miles
1376 4327 1478 4392 dictus

145 4435 377 4522 capesculdere
398 4438 431 4499 et
452 4435 500 4499 sui
523 4434 613 4517 pueri
636 4433 793 4497 decimam
816 4431 848 4496 in
871 4431 1105 4517 Bstringhen‚¹)
1139 4450 1236 4515 quam
1267 4432 1308 4496 de
1330 4432 1423 4498 nobis
1445 4435 1477 4499 in

145 4544 222 4611 eodo
242 4543 438 4621 habuerunt,
460 4541 492 4605 in
515 4559 630 4605 manus
652 4544 777 4605 nostras
799 4540 1050 4620 resignaverunt.
1086 4539 1152 4604 Nos
1173 4542 1281 4604 autern
1304 4539 1356 4604 illa
1379 4542 1478 4625 resig-

145 4651 257 4718 uiione
279 4649 364 4715 iacta
396 4666 505 4714 coram
534 4647 652 4712 nostris
685 4645 868 4712 hominibus
901 4647 1155 4731 adpetitionem
1178 4645 1299 4711 domini
1321 4646 1476 4713 lobannis

145 4758 240 4825 lecani
262 4755 521 4837 osnaburgensis
555 4754 687 4819 ecclesie
709 4752 949 4835 Osnaburgeusi
984 4754 1120 4819 eandem
1145 4755 1302 4820 decimam
1324 4753 1422 4819 libere
1444 4759 1477 4820 et

145 4864 274 4932 bsolute
296 4864 497 4943 contulimus,
527 4862 660 4927 domino
682 4864 791 4925 nostro
814 4859 1053 4945 Osnaburgensi
1084 4863 1233 4945 episcopo
1252 4861 1369 4927 dictam
1391 4861 1478 4928 deci·

145 4991 213 5040 nam
236 4972 437 5056 resignantes
459 4974 492 5036 et
512 4970 575 5036 boc
596 4968 799 5053 presentibus
826 4967 935 5035 litteris
957 4987 1030 5035 cum
1053 4970 1252 5054 inpressione
1273 4974 1383 5037 nostre
1404 4988 1477 5036 cera
