3210 5354
137 258 182 322 24
774 275 842 330 mr

265 436 1448 506 ..Gnardianusordinistratrummincrum..scnhstin1sel.

136 542 352 609 thesaurarius
373 543 509 631 ecclesie
526 544 783 630 Osnaburgensis
814 553 1002 613 executores
1031 567 1130 631 super
1149 546 1331 630 morienne
1353 544 1463 611 Gerrrd

136 651 210 717 dicti
230 652 385 718 Stalbuch
406 654 449 719 de
469 652 644 720 Tremonin
672 657 824 738 pauperis
851 655 955 720 clerici
976 655 1175 720 Coloniensis
1199 654 1346 739 dyocesis
1366 671 1388 719 a
1405 652 1463 719 scdt

136 760 311 842 apostolice
333 761 476 844 deputati
497 762 676 829 honorabili
697 765 766 828 viro
791 768 824 828 et
844 765 982 828 dismelo
1002 813 1012 830 .
1033 814 1043 830 .
1064 763 1189 828 deceno
1216 763 1349 828 ecclesie
1375 764 1463 828 sanct

135 865 234 932 llarie
261 868 305 933 ad
333 870 453 950 gradus
482 873 514 934 in
535 871 669 936 Colonia
690 871 829 936 salutem
857 875 890 935 et
918 872 1076 936 sinceram
1097 872 1130 936 in
1151 870 1288 937 Domino
1308 871 1463 937 caritatem

135 974 292 1041 Noveritis
313 996 374 1041 nos
395 977 516 1044 litteras
537 979 728 1044 sanctissimi
758 981 859 1062 patris
879 997 918 1044 ac
938 979 1059 1043 domini
1079 978 1206 1044 llartiui
1225 997 1311 1062 pepe
1330 976 1407 1042 mle
1428 994 1463 1042 re·

136 1084 258 1166 cepisse
279 1084 311 1149 in
333 1084 393 1150 hec
413 1087 530 1151 verba:
563 1086 718 1151 blau-linus
751 1088 921 1169 episcopus
952 1105 1065 1151 servus
1096 1105 1263 1151 servorum
1283 1085 1343 1150 Dei
1364 1083 1463 1152 dilectit

135 1191 469 1275 filiis..guardiano
498 1192 617 1259 ordinis
646 1192 1463 1260 iratrumminorum..scolasticcet..tbesau·

135 1304 220 1368 rario
242 1302 374 1369 ecclesie
390 1303 648 1386 osnaburgensis
670 1302 806 1367 salutem
827 1308 860 1366 et
880 1302 1089 1386 apostolicam
1110 1300 1377 1368 benedictionem.
1396 1299 1463 1366 Con·

135 1411 263 1475 stitutus
294 1411 327 1475 in
359 1415 470 1477 nostra
502 1413 665 1494 presentia
692 1410 826 1476 dilectus
856 1411 940 1475 tilius
960 1411 1123 1476 Gerardus
1143 1411 1246 1474 dictus
1267 1407 1418 1475 Stalbuch
1435 1406 1463 1472 dc

135 1518 309 1584 Tremonia
334 1538 458 1602 pauper
484 1519 616 1584 clericus
638 1518 837 1583 Coloniensis
868 1518 1014 1602 dyocesis
1045 1518 1139 1583 nobis
1171 1516 1334 1582 humiliter
1364 1513 1463 1599 sappi

135 1626 227 1705 mrit,
259 1629 304 1705 ut,
337 1646 411 1692 cum
441 1627 519 1709 ipse,
551 1621 631 1692 sicut
652 1626 777 1704 asserit,
809 1626 933 1691 nullum
961 1627 1003 1691 sit
1023 1626 1271 1692 ecclesmtimm
1292 1624 1463 1691 moenum

134 1738 310 1814 assecutus,
332 1735 490 1818 provideri
511 1734 571 1800 sibi
593 1734 635 1799 de
655 1733 851 1814 benignitate
872 1733 1047 1816 apostolica
1066 1733 1297 1799 manderemm
1317 1737 1351 1797 et
1369 1734 1463 1807 oeten,

135 1846 231 1924 prout
264 1844 296 1907 in
328 1844 398 1926 ipso
429 1844 619 1921 auctentico,
652 1841 740 1925 quod
773 1842 864 1906 robis
895 1841 1039 1907 exbiberi
1068 1841 1227 1921 volumus,
1259 1840 1386 1925 plenius
1405 1856 1463 1905 corr

134 1952 261 2017 tinctur.
283 1950 386 2034 Hujus
408 1951 501 2033 igitur
520 1951 708 2016 auctoritate
730 1951 883 2028 mandati,
904 1971 979 2017 cum
1000 1971 1061 2034 ego
1084 2003 1092 2017 .
1115 2003 1124 2017 .
1146 1948 1345 2034 gufflus
1365 1948 1462 2014 domus

134 2058 230 2125 michi
250 2060 420 2123 commisse
451 2063 484 2124 et
505 2079 565 2124 nos
588 2110 596 2124 .
620 2109 629 2123 .
652 2059 835 2124 scolasticus
856 2065 889 2125 et
910 2110 919 2125 .
942 2110 951 2125 .
973 2057 1189 2123 nummarius
1216 2055 1350 2122 ecclesie
1376 2056 1463 2120 nostre

134 2166 390 2247 Osnaburgensis
421 2168 553 2232 dirersis
586 2171 619 2231 et
649 2166 760 2232 arduis
788 2169 928 2251 negociis
952 2167 1053 2231 simm
1084 2166 1168 2231 adeo
1197 2163 1366 2246 prepediti,
1396 2155 1463 2244 quod

135 2274 218 2339 dicte
250 2275 422 2356 provisioni
453 2275 619 2340 intendere
652 2294 718 2341 non
751 2275 922 2358 possimus,
956 2275 1047 2340 vobis
1076 2275 1110 2338 in
1140 2273 1225 2338 dicto
1255 2270 1389 2353 negocio
1407 2285 1463 2351 pro·

135 2382 263 2448 visionis
284 2382 423 2447 totaliter
443 2384 671 2448 committimus
694 2383 778 2448 vices
799 2389 936 2460 nostras,
970 2386 1006 2447 ut
1035 2383 1069 2446 in
1096 2382 1166 2464 ipso
1197 2380 1377 2445 secundum
1397 2371 1463 2460 quod

135 2488 228 2554 nobis
260 2489 437 2570 injunctum
469 2491 572 2556 fuerat
604 2492 672 2556 vice
698 2495 808 2557 nostra
839 2491 1028 2575 procedatis.
1071 2488 1190 2553 Datum
1213 2479 1457 2568 Osanbrugget)

135 2614 226 2693 anno
245 2596 371 2660 Domini
394 2594 515 2663 M⁰CC⁰
536 2600 753 2682 octuagesimo
774 2600 891 2682 primo,
913 2598 957 2662 XI
977 2597 1140 2662 Kalendas
1160 2593 1363 2660 Novembris
1385 2627 1419 2640 -

261 2703 341 2768 llem
362 2703 482 2768 litteras
504 2705 624 2770 domini
653 2724 738 2788 pape
771 2707 929 2789 predictas
957 2707 1019 2771 sub
1044 2723 1123 2770 vera
1142 2703 1240 2782 bulla,
1273 2700 1329 2766 filo
1350 2703 1381 2766 et
1400 2696 1462 2771 stilo,

136 2829 202 2877 non
224 2809 425 2889 cancellatas,
456 2814 522 2877 nob
550 2811 686 2878 abolitas
716 2815 831 2879 necin
852 2815 960 2897 aliqua
980 2815 1029 2879 sui
1050 2816 1142 2896 parte
1163 2811 1295 2877 cicutas
1315 2803 1463 2874 viriseel

136 2919 258 3000 legisse,
288 2924 383 3002 prout
404 2921 438 2984 in
459 2919 591 2997 eisdem,
622 2938 703 3002 quas
725 2920 816 2987 robis
838 2921 1027 2998 exbibimus,
1050 2920 1243 3004 precipimus
1264 2917 1388 3000 plenius
1406 2929 1463 2980 con

136 3027 262 3092 tinctur.
304 3063 348 3075 -
390 3026 492 3110 Hujus
526 3028 618 3109 igilur
649 3029 837 3093 auctoritate
868 3031 1011 3095 mandati
1043 3029 1084 3093 de
1105 3029 1170 3092 vita
1190 3031 1222 3091 et
1244 3022 1463 3091 conversatione

136 3135 210 3200 dicti
230 3134 332 3200 clerici
354 3134 572 3216 sollempniter
592 3133 811 3216 inquisivimus
832 3137 866 3200 et
887 3140 1063 3218 comperto,
1094 3134 1182 3218 quod
1207 3134 1295 3198 idem
1317 3133 1400 3198 bone
1417 3126 1463 3192 rite

137 3246 169 3306 et
190 3244 438 3309 conversationis
460 3243 595 3306 honeste
616 3242 740 3318 existat,
772 3243 876 3325 ipsum
899 3243 1149 3325 pronunciamus
1170 3240 1239 3307 iore
1261 3241 1419 3324 ydoneum
1434 3228 1463 3297 ad

135 3350 381 3416 ecclesiasticum
402 3350 594 3416 beneficium
616 3350 836 3431 optinendum.
880 3349 1032 3415 Volentes
1061 3351 1155 3432 igitur
1185 3348 1375 3414 mandatum
1405 3359 1463 3426 epe

134 3458 281 3523 stolicum
301 3462 485 3523 reverenter
506 3455 682 3539 adimplere
704 3460 737 3521 et
757 3456 926 3523 efficaciter
948 3458 1073 3540 exequi,
1104 3461 1140 3522 ut
1160 3460 1320 3535 tenemur,
1342 3453 1426 3520 vobis
1442 3446 1463 3510 el

137 3566 263 3631 cuilibet
285 3570 424 3631 vestrum
447 3566 479 3629 in
501 3565 616 3629 virtute
637 3568 747 3630 sancte
767 3566 958 3644 obedientie,
980 3584 1079 3648 quam
1095 3564 1219 3652 debetis
1230 3565 1300 3630 sedi
1314 3557 1463 3646 apostolo

138 3679 171 3740 et
199 3675 260 3740 sub
289 3693 374 3757 pena
402 3672 619 3756 suspensionis
648 3676 680 3736 el
711 3673 1045 3739 excommunicationis
1075 3672 1232 3736 sententie
1264 3671 1330 3737 lale
1361 3670 1393 3734 in
1420 3663 1463 3731 hiis

136 3782 259 3865 scriptis
281 3781 313 3844 in
335 3799 392 3845 vos
414 3784 444 3845 et
467 3782 500 3845 in
522 3780 696 3862 quemlibet
719 3784 870 3858 vestrum,
900 3781 927 3844 si
955 3800 1089 3864 presens
1120 3779 1309 3844 mendcium
1339 3781 1463 3844 nostru

136 3891 236 3955 immo
268 3889 374 3952 verius
406 3889 614 3971 apostolicum
646 3888 811 3970 diligenter
842 3907 908 3953 non
929 3889 1049 3953 fueritis
1071 3887 1205 3966 executi,
1237 3886 1378 3952 districte
1408 3899 1463 3968 prr

137 3997 283 4080 cipiendo
312 3995 516 4075 mandamus,
549 3998 698 4079 quatinus
731 3997 774 4061 ad
806 3996 982 4078 predictam
1013 3995 1179 4061 ecclesiam
1205 3996 1307 4059 sancti
1328 3988 1463 4059 Journal

138 4103 395 4184 Osnaburgensis
424 4103 632 4185 personaliter
663 4103 887 4169 accedentes.
915 4151 923 4167 .
948 4103 1072 4168 deceno
1105 4107 1137 4167 et
1169 4102 1308 4186 capitulo
1340 4100 1463 4187 ejusden

138 4211 268 4276 ecclesie
290 4209 392 4274 sancti
405 4209 559 4275 iohannis
582 4211 648 4274 rice
670 4214 702 4274 el
723 4211 910 4275 auctoritate
932 4214 1042 4275 nostra
1064 4211 1161 4275 immo
1183 4210 1289 4274 verius
1310 4206 1463 4292 apostolic

137 4318 315 4396 inhibeatis,
348 4336 389 4382 ne
418 4318 460 4383 ad
489 4316 689 4382 collationem
720 4317 769 4381 vel
796 4318 1071 4401 presentacionem
1091 4316 1223 4399 alicujus
1244 4315 1390 4381 beneficii
1410 4330 1463 4380 cun

137 4445 213 4492 cura
236 4426 284 4490 vel
307 4427 375 4490 sine
396 4443 474 4489 cura
495 4423 536 4487 ad
558 4442 669 4487 eorum
692 4423 891 4516 collationem
920 4424 970 4488 rel
999 4422 1275 4507 presentacionem
1305 4424 1339 4487 in
1360 4422 1463 4488 nunu

137 4535 188 4600 vel
209 4534 335 4618 dyocesi
357 4531 599 4612 osnaburgensi
619 4532 802 4612 spectantis,
823 4533 850 4595 si
871 4530 959 4614 quod
980 4534 1073 4595 vacat
1093 4529 1135 4594 ad
1156 4547 1291 4613 presens
1312 4529 1364 4596 vel
1386 4544 1463 4613 quun

136 4643 275 4727 primum
308 4643 350 4708 ed
383 4642 416 4707 id
446 4636 639 4724 (prebuerit)
671 4656 707 4701 se
740 4637 882 4718 facultas,
914 4639 1088 4722 procedere
1120 4637 1350 4722 pres(umaut),
1381 4637 1463 4702 donc

137 4750 221 4816 dicto
253 4749 366 4815 clerico
398 4746 576 4813 secundum
608 4745 746 4810 formam
777 4745 962 4830 (mendatii
990 4745 1153 4829 apostolici
1161 4744 1192 4831 t)
1221 4744 1264 4812 de
1291 4743 1463 4830 competent

136 4858 292 4926 beneficio
313 4857 384 4944 (sit)
404 4857 567 4941 provisum
588 4875 647 4922 seu
668 4854 839 4942 (eliquidt)
861 4902 1089 4922 ..........
1111 4856 1191 4918 nent
1210 4853 1262 4919 vel
1282 4850 1463 4937 attemptent
