<?xml version="1.0" encoding="UTF-8"?>
<!DOCTYPE html PUBLIC "-//W3C//DTD XHTML 1.0 Transitional//EN"
    "http://www.w3.org/TR/xhtml1/DTD/xhtml1-transitional.dtd">
<html xmlns="http://www.w3.org/1999/xhtml" xml:lang="en" lang="en">
 <head>
  <title>
</title>
<meta http-equiv="Content-Type" content="text/html;charset=utf-8" />
  <meta name='ocr-system' content='tesseract 3.04.00' />
  <meta name='ocr-capabilities' content='ocr_page ocr_carea ocr_par ocr_line ocrx_word'/>
</head>
<body>
  <div class='ocr_page' id='page_1' title='image "./osnabrckerurkun01brgoog/osnabrckerurkun01brgoog_0042.png"; bbox 0 0 3210 5354; ppageno 0'>
   <div class='ocr_carea' id='block_1_1' title="bbox 228 270 933 340">
    <p class='ocr_par' dir='ltr' id='par_1_1' title="bbox 228 270 933 340">
     <span class='ocr_line' id='line_1_1' title="bbox 228 270 933 340; baseline 0.01 -7"><span class='ocrx_word' id='word_1_1' title='bbox 228 270 272 335; x_wconf 80' lang='lat'><strong>22</strong></span> <span class='ocrx_word' id='word_1_2' title='bbox 865 286 933 340; x_wconf 77' lang='lat'>1281</span> 
     </span>
    </p>
   </div>
   <div class='ocr_carea' id='block_1_2' title="bbox 221 449 1565 2576">
    <p class='ocr_par' dir='ltr' id='par_1_2' title="bbox 221 449 1565 2576">
     <span class='ocr_line' id='line_1_2' title="bbox 229 449 1565 533; baseline 0.001 -20"><span class='ocrx_word' id='word_1_3' title='bbox 229 449 360 515; x_wconf 90' lang='lat' dir='ltr'><strong>easdem</strong></span> <span class='ocrx_word' id='word_1_4' title='bbox 383 451 616 532; x_wconf 90' lang='lat' dir='ltr'><strong>pertinentibus</strong></span> <span class='ocrx_word' id='word_1_5' title='bbox 638 470 675 515; x_wconf 90' lang='lat' dir='ltr'><strong>ac</strong></span> <span class='ocrx_word' id='word_1_6' title='bbox 697 450 764 515; x_wconf 88' lang='lat' dir='ltr'><strong>aliis</strong></span> <span class='ocrx_word' id='word_1_7' title='bbox 787 468 897 514; x_wconf 88' lang='lat' dir='ltr'><strong>earum</strong></span> <span class='ocrx_word' id='word_1_8' title='bbox 919 451 1096 515; x_wconf 75' lang='lat' dir='ltr'><strong>attinenciis</strong></span> <span class='ocrx_word' id='word_1_9' title='bbox 1117 450 1271 515; x_wconf 88' lang='lat' dir='ltr'><strong>universis</strong></span> <span class='ocrx_word' id='word_1_10' title='bbox 1287 453 1423 533; x_wconf 86' lang='lat' dir='ltr'><strong>excepta</strong></span> <span class='ocrx_word' id='word_1_11' title='bbox 1441 449 1565 516; x_wconf 78' lang='lat' dir='ltr'><strong>duonum</strong></span> 
     </span>
     <span class='ocr_line' id='line_1_3' title="bbox 226 557 1564 636; baseline 0.002 -15"><span class='ocrx_word' id='word_1_12' title='bbox 226 557 401 623; x_wconf 89' lang='lat' dir='ltr'><strong>solidorum</strong></span> <span class='ocrx_word' id='word_1_13' title='bbox 433 558 557 624; x_wconf 87' lang='lat' dir='ltr'><strong>decima</strong></span> <span class='ocrx_word' id='word_1_14' title='bbox 589 557 631 622; x_wconf 93' lang='lat' dir='ltr'><strong>de</strong></span> <span class='ocrx_word' id='word_1_15' title='bbox 652 575 710 621; x_wconf 95' lang='lat' dir='ltr'><strong>sue</strong></span> <span class='ocrx_word' id='word_1_16' title='bbox 736 558 843 621; x_wconf 86' lang='lat' dir='ltr'><strong>uxoris</strong></span> <span class='ocrx_word' id='word_1_17' title='bbox 864 561 896 621; x_wconf 92' lang='lat' dir='ltr'><strong>et</strong></span> <span class='ocrx_word' id='word_1_18' title='bbox 918 558 1061 622; x_wconf 85' lang='lat' dir='ltr'><strong>omniurn</strong></span> <span class='ocrx_word' id='word_1_19' title='bbox 1082 558 1237 623; x_wconf 85' lang='lat' dir='ltr'>heredum</span> <span class='ocrx_word' id='word_1_20' title='bbox 1259 576 1404 636; x_wconf 91' lang='lat' dir='ltr'><strong>suorum,</strong></span> <span class='ocrx_word' id='word_1_21' title='bbox 1441 559 1483 623; x_wconf 89' lang='lat' dir='ltr'><strong>de</strong></span> <span class='ocrx_word' id='word_1_22' title='bbox 1502 577 1564 624; x_wconf 82' lang='lat' dir='ltr'><strong>mco</strong></span> 
     </span>
     <span class='ocr_line' id='line_1_4' title="bbox 228 664 1562 749; baseline 0.001 -19"><span class='ocrx_word' id='word_1_23' title='bbox 228 667 261 730; x_wconf 92' lang='lat' dir='ltr'><strong>et</strong></span> <span class='ocrx_word' id='word_1_24' title='bbox 282 664 422 731; x_wconf 89' lang='lat' dir='ltr'><strong>Conradi</strong></span> <span class='ocrx_word' id='word_1_25' title='bbox 449 666 514 731; x_wconf 93' lang='lat' dir='ltr'><strong>nati</strong></span> <span class='ocrx_word' id='word_1_26' title='bbox 544 665 608 729; x_wconf 90' lang='lat' dir='ltr'><strong>mei</strong></span> <span class='ocrx_word' id='word_1_27' title='bbox 638 669 885 748; x_wconf 89' lang='lat' dir='ltr'><strong>nostrarumque</strong></span> <span class='ocrx_word' id='word_1_28' title='bbox 913 685 1049 731; x_wconf 83' lang='lat' dir='ltr'><strong>uxorum</strong></span> <span class='ocrx_word' id='word_1_29' title='bbox 1076 684 1114 731; x_wconf 90' lang='lat' dir='ltr'><strong>ac</strong></span> <span class='ocrx_word' id='word_1_30' title='bbox 1135 664 1290 730; x_wconf 84' lang='lat' dir='ltr'>heredum</span> <span class='ocrx_word' id='word_1_31' title='bbox 1313 667 1459 732; x_wconf 90' lang='lat' dir='ltr'><strong>omnium</strong></span> <span class='ocrx_word' id='word_1_32' title='bbox 1480 667 1562 749; x_wconf 86' lang='lat' dir='ltr'><strong>pleno</strong></span> 
     </span>
     <span class='ocr_line' id='line_1_5' title="bbox 227 772 1562 856; baseline 0 -17"><span class='ocrx_word' id='word_1_33' title='bbox 227 793 387 839; x_wconf 89' lang='lat' dir='ltr'><strong>consensu</strong></span> <span class='ocrx_word' id='word_1_34' title='bbox 408 773 555 856; x_wconf 88' lang='lat' dir='ltr'><strong>hospitali</strong></span> <span class='ocrx_word' id='word_1_35' title='bbox 586 773 686 836; x_wconf 86' lang='lat' dir='ltr'><strong>sancti</strong></span> <span class='ocrx_word' id='word_1_36' title='bbox 708 772 841 855; x_wconf 75' lang='lat' dir='ltr'><strong>Spiritus</strong></span> <span class='ocrx_word' id='word_1_37' title='bbox 862 773 943 837; x_wconf 87' lang='lat' dir='ltr'><strong>infra</strong></span> <span class='ocrx_word' id='word_1_38' title='bbox 965 791 1074 837; x_wconf 91' lang='lat' dir='ltr'><strong>muros</strong></span> <span class='ocrx_word' id='word_1_39' title='bbox 1095 773 1361 854; x_wconf 83' lang='lat' dir='ltr'><strong>Osnaburgenses</strong></span> <span class='ocrx_word' id='word_1_40' title='bbox 1391 792 1453 856; x_wconf 85' lang='lat' dir='ltr'><strong>pro</strong></span> <span class='ocrx_word' id='word_1_41' title='bbox 1474 791 1562 839; x_wconf 86' lang='lat' dir='ltr'><strong>noua·</strong></span> 
     </span>
     <span class='ocr_line' id='line_1_6' title="bbox 226 879 1561 964; baseline -0.001 -18"><span class='ocrx_word' id='word_1_42' title='bbox 226 882 315 963; x_wconf 81' lang='lat' dir='ltr'><strong>ginta</strong></span> <span class='ocrx_word' id='word_1_43' title='bbox 336 882 451 946; x_wconf 89' lang='lat' dir='ltr'><strong>marcis</strong></span> <span class='ocrx_word' id='word_1_44' title='bbox 473 880 592 945; x_wconf 88' lang='lat' dir='ltr'><strong>usualis</strong></span> <span class='ocrx_word' id='word_1_45' title='bbox 613 883 743 944; x_wconf 90' lang='lat' dir='ltr'><strong>monete</strong></span> <span class='ocrx_word' id='word_1_46' title='bbox 765 880 906 945; x_wconf 90' lang='lat' dir='ltr'><strong>vendidit</strong></span> <span class='ocrx_word' id='word_1_47' title='bbox 928 883 960 944; x_wconf 86' lang='lat' dir='ltr'><strong>et</strong></span> <span class='ocrx_word' id='word_1_48' title='bbox 982 881 1153 962; x_wconf 77' lang='lat' dir='ltr'><strong>assignavit</strong></span> <span class='ocrx_word' id='word_1_49' title='bbox 1177 881 1249 962; x_wconf 89' lang='lat' dir='ltr'><strong>jure</strong></span> <span class='ocrx_word' id='word_1_50' title='bbox 1270 879 1482 962; x_wconf 88' lang='lat' dir='ltr'><strong>proprietario</strong></span> <span class='ocrx_word' id='word_1_51' title='bbox 1500 899 1561 964; x_wconf 86' lang='lat' dir='ltr'><strong>per·</strong></span> 
     </span>
     <span class='ocr_line' id='line_1_7' title="bbox 226 987 1561 1071; baseline 0.001 -18"><span class='ocrx_word' id='word_1_52' title='bbox 226 991 324 1071; x_wconf 91' lang='lat' dir='ltr'><strong>petuo</strong></span> <span class='ocrx_word' id='word_1_53' title='bbox 345 989 444 1054; x_wconf 90' lang='lat' dir='ltr'><strong>libere</strong></span> <span class='ocrx_word' id='word_1_54' title='bbox 466 988 685 1071; x_wconf 88' lang='lat' dir='ltr'><strong>possidendas,</strong></span> <span class='ocrx_word' id='word_1_55' title='bbox 709 988 897 1070; x_wconf 92' lang='lat' dir='ltr'><strong>promittens</strong></span> <span class='ocrx_word' id='word_1_56' title='bbox 919 988 1149 1067; x_wconf 86' lang='lat' dir='ltr'><strong>nichilominus,</strong></span> <span class='ocrx_word' id='word_1_57' title='bbox 1173 987 1259 1071; x_wconf 93' lang='lat' dir='ltr'><strong>quod</strong></span> <span class='ocrx_word' id='word_1_58' title='bbox 1281 1007 1341 1070; x_wconf 77' lang='lat' dir='ltr'><strong>ego</strong></span> <span class='ocrx_word' id='word_1_59' title='bbox 1357 992 1390 1052; x_wconf 94' lang='lat' dir='ltr'><strong>et</strong></span> <span class='ocrx_word' id='word_1_60' title='bbox 1405 987 1561 1054; x_wconf 83' lang='lat' dir='ltr'><strong>Conradru</strong></span> 
     </span>
     <span class='ocr_line' id='line_1_8' title="bbox 226 1094 1560 1179; baseline -0.001 -18"><span class='ocrx_word' id='word_1_61' title='bbox 226 1099 322 1161; x_wconf 90' lang='lat' dir='ltr'><strong>natus</strong></span> <span class='ocrx_word' id='word_1_62' title='bbox 343 1114 435 1161; x_wconf 90' lang='lat' dir='ltr'><strong>meus</strong></span> <span class='ocrx_word' id='word_1_63' title='bbox 457 1094 617 1179; x_wconf 89' lang='lat' dir='ltr'><strong>predictus</strong></span> <span class='ocrx_word' id='word_1_64' title='bbox 649 1113 715 1159; x_wconf 91' lang='lat' dir='ltr'><strong>una</strong></span> <span class='ocrx_word' id='word_1_65' title='bbox 747 1113 821 1159; x_wconf 89' lang='lat' dir='ltr'><strong>cum</strong></span> <span class='ocrx_word' id='word_1_66' title='bbox 850 1096 920 1177; x_wconf 92' lang='lat' dir='ltr'><strong>ipso</strong></span> <span class='ocrx_word' id='word_1_67' title='bbox 951 1097 1164 1177; x_wconf 86' lang='lat' dir='ltr'><strong>promittimus</strong></span> <span class='ocrx_word' id='word_1_68' title='bbox 1185 1097 1218 1160; x_wconf 93' lang='lat' dir='ltr'><strong>in</strong></span> <span class='ocrx_word' id='word_1_69' title='bbox 1239 1095 1299 1160; x_wconf 89' lang='lat' dir='ltr'><strong>hiis</strong></span> <span class='ocrx_word' id='word_1_70' title='bbox 1321 1095 1455 1179; x_wconf 90' lang='lat' dir='ltr'><strong>scriptis,</strong></span> <span class='ocrx_word' id='word_1_71' title='bbox 1487 1095 1560 1179; x_wconf 81' lang='lat' dir='ltr'><strong>quod</strong></span> 
     </span>
     <span class='ocr_line' id='line_1_9' title="bbox 226 1201 1559 1286; baseline -0.001 -19"><span class='ocrx_word' id='word_1_72' title='bbox 226 1221 287 1268; x_wconf 90' lang='lat' dir='ltr'><strong>nos</strong></span> <span class='ocrx_word' id='word_1_73' title='bbox 308 1203 349 1268; x_wconf 95' lang='lat' dir='ltr'><strong>de</strong></span> <span class='ocrx_word' id='word_1_74' title='bbox 370 1204 497 1269; x_wconf 90' lang='lat' dir='ltr'><strong>duabus</strong></span> <span class='ocrx_word' id='word_1_75' title='bbox 518 1203 667 1268; x_wconf 89' lang='lat' dir='ltr'><strong>domibus</strong></span> <span class='ocrx_word' id='word_1_76' title='bbox 689 1201 819 1284; x_wconf 90' lang='lat' dir='ltr'><strong>prefatis</strong></span> <span class='ocrx_word' id='word_1_77' title='bbox 839 1206 1007 1286; x_wconf 86' lang='lat' dir='ltr'><strong>tamquam</strong></span> <span class='ocrx_word' id='word_1_78' title='bbox 1030 1203 1184 1268; x_wconf 91' lang='lat' dir='ltr'><strong>debonis</strong></span> <span class='ocrx_word' id='word_1_79' title='bbox 1206 1201 1340 1286; x_wconf 90' lang='lat' dir='ltr'><strong>propriis</strong></span> <span class='ocrx_word' id='word_1_80' title='bbox 1362 1202 1405 1267; x_wconf 92' lang='lat' dir='ltr'><strong>ad</strong></span> <span class='ocrx_word' id='word_1_81' title='bbox 1427 1222 1480 1268; x_wconf 85' lang='lat' dir='ltr'><strong>me</strong></span> <span class='ocrx_word' id='word_1_82' title='bbox 1496 1203 1559 1268; x_wconf 86' lang='lat' dir='ltr'><strong>Lut-</strong></span> 
     </span>
     <span class='ocr_line' id='line_1_10' title="bbox 225 1310 1560 1395; baseline 0.001 -20"><span class='ocrx_word' id='word_1_83' title='bbox 225 1311 353 1377; x_wconf 86' lang='lat' dir='ltr'><strong>bertum</strong></span> <span class='ocrx_word' id='word_1_84' title='bbox 375 1331 395 1376; x_wconf 91' lang='lat' dir='ltr'><strong>a</strong></span> <span class='ocrx_word' id='word_1_85' title='bbox 417 1315 508 1394; x_wconf 86' lang='lat' dir='ltr'><strong>patre</strong></span> <span class='ocrx_word' id='word_1_86' title='bbox 530 1314 562 1375; x_wconf 91' lang='lat' dir='ltr'><strong>et</strong></span> <span class='ocrx_word' id='word_1_87' title='bbox 583 1311 625 1376; x_wconf 86' lang='lat' dir='ltr'><strong>ab</strong></span> <span class='ocrx_word' id='word_1_88' title='bbox 648 1329 709 1375; x_wconf 83' lang='lat' dir='ltr'><strong>avo</strong></span> <span class='ocrx_word' id='word_1_89' title='bbox 730 1328 805 1374; x_wconf 89' lang='lat' dir='ltr'><strong>meo</strong></span> <span class='ocrx_word' id='word_1_90' title='bbox 838 1310 1043 1392; x_wconf 87' lang='lat' dir='ltr'><strong>propriariter</strong></span> <span class='ocrx_word' id='word_1_91' title='bbox 1075 1310 1231 1377; x_wconf 81' lang='lat' dir='ltr'><strong>devolutis</strong></span> <span class='ocrx_word' id='word_1_92' title='bbox 1264 1311 1382 1376; x_wconf 92' lang='lat' dir='ltr'><strong>dictum</strong></span> <span class='ocrx_word' id='word_1_93' title='bbox 1417 1311 1560 1395; x_wconf 82' lang='lat' dir='ltr'><strong>hospitale</strong></span> 
     </span>
     <span class='ocr_line' id='line_1_11' title="bbox 221 1400 1560 1504; baseline 0.004 -24"><span class='ocrx_word' id='word_1_94' title='bbox 221 1416 308 1497; x_wconf 90' lang='lat' dir='ltr'><strong>justa</strong></span> <span class='ocrx_word' id='word_1_95' title='bbox 329 1422 361 1482; x_wconf 93' lang='lat' dir='ltr'><strong>et</strong></span> <span class='ocrx_word' id='word_1_96' title='bbox 382 1418 522 1500; x_wconf 78' lang='lat' dir='ltr'><strong>legitima</strong></span> <span class='ocrx_word' id='word_1_97' title='bbox 543 1400 802 1483; x_wconf 76' lang='lat' dir='ltr'><strong>warandabimus</strong></span> <span class='ocrx_word' id='word_1_98' title='bbox 824 1417 1007 1502; x_wconf 88' lang='lat' dir='ltr'><strong>warandya.</strong></span> <span class='ocrx_word' id='word_1_99' title='bbox 1049 1419 1085 1484; x_wconf 97' lang='lat' dir='ltr'><strong>ln</strong></span> <span class='ocrx_word' id='word_1_100' title='bbox 1116 1420 1207 1503; x_wconf 88' lang='lat' dir='ltr'><strong>cujus</strong></span> <span class='ocrx_word' id='word_1_101' title='bbox 1235 1420 1427 1485; x_wconf 83' lang='lat' dir='ltr'><strong>venditionis</strong></span> <span class='ocrx_word' id='word_1_102' title='bbox 1456 1422 1560 1504; x_wconf 83' lang='lat' dir='ltr'><strong>pariter</strong></span> 
     </span>
     <span class='ocr_line' id='line_1_12' title="bbox 225 1525 1558 1609; baseline 0.003 -21"><span class='ocrx_word' id='word_1_103' title='bbox 225 1525 259 1588; x_wconf 87' lang='lat' dir='ltr'><strong>et</strong></span> <span class='ocrx_word' id='word_1_104' title='bbox 289 1525 506 1606; x_wconf 83' lang='lat' dir='ltr'><strong>promissionis</strong></span> <span class='ocrx_word' id='word_1_105' title='bbox 539 1525 669 1590; x_wconf 91' lang='lat' dir='ltr'><strong>evidens</strong></span> <span class='ocrx_word' id='word_1_106' title='bbox 703 1525 920 1590; x_wconf 90' lang='lat' dir='ltr'><strong>testimonium</strong></span> <span class='ocrx_word' id='word_1_107' title='bbox 953 1545 1013 1606; x_wconf 80' lang='lat' dir='ltr'><strong>ego</strong></span> <span class='ocrx_word' id='word_1_108' title='bbox 1045 1526 1218 1591; x_wconf 86' lang='lat' dir='ltr'><strong>Lutbertus</strong></span> <span class='ocrx_word' id='word_1_109' title='bbox 1250 1525 1432 1609; x_wconf 83' lang='lat' dir='ltr'><strong>sepedictus</strong></span> <span class='ocrx_word' id='word_1_110' title='bbox 1464 1546 1558 1593; x_wconf 88' lang='lat' dir='ltr'><strong>meum</strong></span> 
     </span>
     <span class='ocr_line' id='line_1_13' title="bbox 225 1630 1558 1716; baseline 0.005 -22"><span class='ocrx_word' id='word_1_111' title='bbox 225 1630 361 1712; x_wconf 79' lang='lat' dir='ltr'><strong>sigillum</strong></span> <span class='ocrx_word' id='word_1_112' title='bbox 383 1632 458 1697; x_wconf 84' lang='lat' dir='ltr'><strong>duxi</strong></span> <span class='ocrx_word' id='word_1_113' title='bbox 480 1632 681 1714; x_wconf 88' lang='lat' dir='ltr'><strong>presentibus</strong></span> <span class='ocrx_word' id='word_1_114' title='bbox 703 1633 942 1716; x_wconf 88' lang='lat' dir='ltr'><strong>apponendum.</strong></span> <span class='ocrx_word' id='word_1_115' title='bbox 986 1631 1053 1696; x_wconf 92' lang='lat' dir='ltr'><strong>Nos</strong></span> <span class='ocrx_word' id='word_1_116' title='bbox 1082 1651 1211 1716; x_wconf 90' lang='lat' dir='ltr'><strong>quoque</strong></span> <span class='ocrx_word' id='word_1_117' title='bbox 1241 1631 1404 1697; x_wconf 80' lang='lat' dir='ltr'><strong>lohannes</strong></span> <span class='ocrx_word' id='word_1_118' title='bbox 1434 1637 1466 1698; x_wconf 92' lang='lat' dir='ltr'><strong>et</strong></span> <span class='ocrx_word' id='word_1_119' title='bbox 1486 1633 1558 1700; x_wconf 84' lang='lat' dir='ltr'><strong>Cou-</strong></span> 
     </span>
     <span class='ocr_line' id='line_1_14' title="bbox 224 1739 1559 1824; baseline 0.001 -19"><span class='ocrx_word' id='word_1_120' title='bbox 224 1740 323 1805; x_wconf 91' lang='lat' dir='ltr'><strong>radus</strong></span> <span class='ocrx_word' id='word_1_121' title='bbox 355 1739 498 1821; x_wconf 85' lang='lat' dir='ltr'><strong>predicti,</strong></span> <span class='ocrx_word' id='word_1_122' title='bbox 533 1741 607 1823; x_wconf 87' lang='lat' dir='ltr'><strong>qula</strong></span> <span class='ocrx_word' id='word_1_123' title='bbox 640 1741 769 1823; x_wconf 88' lang='lat' dir='ltr'><strong>propria</strong></span> <span class='ocrx_word' id='word_1_124' title='bbox 799 1739 899 1821; x_wconf 71' lang='lat' dir='ltr'><strong>sigilla</strong></span> <span class='ocrx_word' id='word_1_125' title='bbox 927 1758 993 1805; x_wconf 92' lang='lat' dir='ltr'><strong>non</strong></span> <span class='ocrx_word' id='word_1_126' title='bbox 1015 1739 1182 1817; x_wconf 88' lang='lat' dir='ltr'><strong>habemus,</strong></span> <span class='ocrx_word' id='word_1_127' title='bbox 1215 1740 1315 1822; x_wconf 77' lang='lat' dir='ltr'><strong>sigillo</strong></span> <span class='ocrx_word' id='word_1_128' title='bbox 1348 1743 1449 1824; x_wconf 85' lang='lat' dir='ltr'><strong>patris</strong></span> <span class='ocrx_word' id='word_1_129' title='bbox 1476 1741 1559 1807; x_wconf 72' lang='lat' dir='ltr'><strong>uosffl</strong></span> 
     </span>
     <span class='ocr_line' id='line_1_15' title="bbox 224 1846 1558 1930; baseline 0.001 -17"><span class='ocrx_word' id='word_1_130' title='bbox 224 1849 344 1913; x_wconf 92' lang='lat' dir='ltr'><strong>utimur</strong></span> <span class='ocrx_word' id='word_1_131' title='bbox 366 1849 397 1912; x_wconf 93' lang='lat' dir='ltr'><strong>in</strong></span> <span class='ocrx_word' id='word_1_132' title='bbox 419 1847 591 1930; x_wconf 90' lang='lat' dir='ltr'><strong>premissis.</strong></span> <span class='ocrx_word' id='word_1_133' title='bbox 635 1847 731 1912; x_wconf 83' lang='lat' dir='ltr'><strong>Facta</strong></span> <span class='ocrx_word' id='word_1_134' title='bbox 753 1851 860 1912; x_wconf 88' lang='lat' dir='ltr'><strong>autern</strong></span> <span class='ocrx_word' id='word_1_135' title='bbox 883 1850 931 1911; x_wconf 92' lang='lat' dir='ltr'><strong>est</strong></span> <span class='ocrx_word' id='word_1_136' title='bbox 953 1847 1012 1911; x_wconf 90' lang='lat' dir='ltr'><strong>hec</strong></span> <span class='ocrx_word' id='word_1_137' title='bbox 1034 1847 1174 1912; x_wconf 84' lang='lat' dir='ltr'><strong>venditio</strong></span> <span class='ocrx_word' id='word_1_138' title='bbox 1197 1846 1407 1929; x_wconf 77' lang='lat' dir='ltr'><strong>Osenbrugge</strong></span> <span class='ocrx_word' id='word_1_139' title='bbox 1429 1848 1461 1912; x_wconf 92' lang='lat' dir='ltr'><strong>in</strong></span> <span class='ocrx_word' id='word_1_140' title='bbox 1482 1847 1558 1914; x_wconf 76' lang='lat' dir='ltr'><strong>suoru</strong></span> 
     </span>
     <span class='ocr_line' id='line_1_16' title="bbox 225 1953 1558 2037; baseline 0.001 -17"><span class='ocrx_word' id='word_1_141' title='bbox 225 1957 353 2037; x_wconf 88' lang='lat' dir='ltr'><strong>majoris</strong></span> <span class='ocrx_word' id='word_1_142' title='bbox 376 1955 517 2033; x_wconf 86' lang='lat' dir='ltr'><strong>ecclesie,</strong></span> <span class='ocrx_word' id='word_1_143' title='bbox 539 1957 571 2019; x_wconf 91' lang='lat' dir='ltr'><strong>in</strong></span> <span class='ocrx_word' id='word_1_144' title='bbox 594 1955 645 2019; x_wconf 91' lang='lat' dir='ltr'><strong>die</strong></span> <span class='ocrx_word' id='word_1_145' title='bbox 667 1955 808 2019; x_wconf 92' lang='lat' dir='ltr'><strong>omnium</strong></span> <span class='ocrx_word' id='word_1_146' title='bbox 832 1955 1031 2033; x_wconf 89' lang='lat' dir='ltr'><strong>Sanctorum,</strong></span> <span class='ocrx_word' id='word_1_147' title='bbox 1065 1974 1153 2020; x_wconf 89' lang='lat' dir='ltr'><strong>anno</strong></span> <span class='ocrx_word' id='word_1_148' title='bbox 1177 1954 1303 2020; x_wconf 89' lang='lat' dir='ltr'><strong>Domini</strong></span> <span class='ocrx_word' id='word_1_149' title='bbox 1324 1953 1558 2021; x_wconf 66' lang='lat' dir='ltr'><strong>Mrccuxxx·</strong></span> 
     </span>
     <span class='ocr_line' id='line_1_17' title="bbox 224 2061 1557 2147; baseline -0.003 -19"><span class='ocrx_word' id='word_1_150' title='bbox 224 2063 338 2146; x_wconf 90' lang='lat' dir='ltr'><strong>primo,</strong></span> <span class='ocrx_word' id='word_1_151' title='bbox 377 2063 579 2144; x_wconf 83' lang='lat' dir='ltr'><strong>presentibus</strong></span> <span class='ocrx_word' id='word_1_152' title='bbox 611 2061 833 2147; x_wconf 79' lang='lat' dir='ltr'><strong>Everhard01)</strong></span> <span class='ocrx_word' id='word_1_153' title='bbox 872 2064 1023 2144; x_wconf 80' lang='lat' dir='ltr'><strong>magistro</strong></span> <span class='ocrx_word' id='word_1_154' title='bbox 1061 2062 1275 2142; x_wconf 88' lang='lat' dir='ltr'><strong>scabinorum,</strong></span> <span class='ocrx_word' id='word_1_155' title='bbox 1314 2061 1501 2128; x_wconf 86' lang='lat' dir='ltr'><strong>Hermanno</strong></span> <span class='ocrx_word' id='word_1_156' title='bbox 1527 2061 1557 2126; x_wconf 83' lang='lat' dir='ltr'><strong>dr</strong></span> 
     </span>
     <span class='ocr_line' id='line_1_18' title="bbox 224 2167 1557 2252; baseline -0.003 -17"><span class='ocrx_word' id='word_1_157' title='bbox 224 2167 369 2251; x_wconf 79' lang='lat' dir='ltr'><strong>Rietlage</strong></span> <span class='ocrx_word' id='word_1_158' title='bbox 399 2170 514 2252; x_wconf 89' lang='lat' dir='ltr'><strong>judice,</strong></span> <span class='ocrx_word' id='word_1_159' title='bbox 548 2169 677 2234; x_wconf 87' lang='lat' dir='ltr'><strong>Hinrico</strong></span> <span class='ocrx_word' id='word_1_160' title='bbox 710 2170 750 2234; x_wconf 94' lang='lat' dir='ltr'><strong>de</strong></span> <span class='ocrx_word' id='word_1_161' title='bbox 783 2170 928 2252; x_wconf 82' lang='lat' dir='ltr'><strong>Ringelo,</strong></span> <span class='ocrx_word' id='word_1_162' title='bbox 967 2169 1094 2234; x_wconf 90' lang='lat' dir='ltr'><strong>Hinrico</strong></span> <span class='ocrx_word' id='word_1_163' title='bbox 1127 2169 1315 2250; x_wconf 79' lang='lat' dir='ltr'><strong>Hazzelring,</strong></span> <span class='ocrx_word' id='word_1_164' title='bbox 1352 2168 1497 2234; x_wconf 86' lang='lat' dir='ltr'><strong>Amoldo</strong></span> <span class='ocrx_word' id='word_1_165' title='bbox 1527 2167 1557 2233; x_wconf 86' lang='lat' dir='ltr'><strong>de</strong></span> 
     </span>
     <span class='ocr_line' id='line_1_19' title="bbox 221 2273 1559 2360; baseline -0.001 -19"><span class='ocrx_word' id='word_1_166' title='bbox 221 2276 422 2355; x_wconf 88' lang='lat' dir='ltr'><strong>Stenvordia,</strong></span> <span class='ocrx_word' id='word_1_167' title='bbox 459 2276 606 2342; x_wconf 79' lang='lat' dir='ltr'><strong>iohanne</strong></span> <span class='ocrx_word' id='word_1_168' title='bbox 640 2276 681 2341; x_wconf 93' lang='lat' dir='ltr'><strong>de</strong></span> <span class='ocrx_word' id='word_1_169' title='bbox 714 2275 890 2354; x_wconf 90' lang='lat' dir='ltr'><strong>Brumsele,</strong></span> <span class='ocrx_word' id='word_1_170' title='bbox 927 2275 1096 2341; x_wconf 90' lang='lat' dir='ltr'><strong>Wicboldo</strong></span> <span class='ocrx_word' id='word_1_171' title='bbox 1128 2275 1191 2340; x_wconf 89' lang='lat' dir='ltr'><strong>filio</strong></span> <span class='ocrx_word' id='word_1_172' title='bbox 1224 2274 1399 2340; x_wconf 82' lang='lat' dir='ltr'><strong>Everhardi</strong></span> <span class='ocrx_word' id='word_1_173' title='bbox 1433 2273 1559 2360; x_wconf 87' lang='lat' dir='ltr'><strong>predicti,</strong></span> 
     </span>
     <span class='ocr_line' id='line_1_20' title="bbox 221 2382 1565 2468; baseline -0.005 -17"><span class='ocrx_word' id='word_1_174' title='bbox 221 2386 387 2451; x_wconf 87' lang='lat' dir='ltr'><strong>vaethero</strong></span> <span class='ocrx_word' id='word_1_175' title='bbox 409 2384 594 2467; x_wconf 78' lang='lat' dir='ltr'><strong>Richtering</strong></span> <span class='ocrx_word' id='word_1_176' title='bbox 617 2388 648 2449; x_wconf 90' lang='lat' dir='ltr'><strong>et</strong></span> <span class='ocrx_word' id='word_1_177' title='bbox 669 2383 896 2468; x_wconf 79' lang='lat' dir='ltr'><strong>Bernhard02)</strong></span> <span class='ocrx_word' id='word_1_178' title='bbox 919 2382 1181 2466; x_wconf 86' lang='lat' dir='ltr'><strong>procuratoribus</strong></span> <span class='ocrx_word' id='word_1_179' title='bbox 1202 2382 1335 2465; x_wconf 90' lang='lat' dir='ltr'><strong>predicti</strong></span> <span class='ocrx_word' id='word_1_180' title='bbox 1357 2383 1518 2468; x_wconf 88' lang='lat' dir='ltr'><strong>hospitalis</strong></span> <span class='ocrx_word' id='word_1_181' title='bbox 1536 2385 1565 2445; x_wconf 86' lang='lat' dir='ltr'><strong>et</strong></span> 
     </span>
     <span class='ocr_line' id='line_1_21' title="bbox 225 2491 589 2576; baseline -0.005 -18"><span class='ocrx_word' id='word_1_182' title='bbox 225 2493 292 2558; x_wconf 88' lang='lat' dir='ltr'><strong>aliis</strong></span> <span class='ocrx_word' id='word_1_183' title='bbox 316 2511 413 2576; x_wconf 89' lang='lat' dir='ltr'><strong>quarn</strong></span> <span class='ocrx_word' id='word_1_184' title='bbox 435 2491 589 2574; x_wconf 91' lang='lat' dir='ltr'><strong>pluribus.</strong></span> 
     </span>
    </p>
   </div>
   <div class='ocr_carea' id='block_1_3' title="bbox 348 2621 1576 2708">
    <p class='ocr_par' dir='ltr' id='par_1_3' title="bbox 348 2621 1576 2708">
     <span class='ocr_line' id='line_1_22' title="bbox 348 2621 1576 2708; baseline -0.002 -17"><span class='ocrx_word' id='word_1_185' title='bbox 348 2622 521 2705; x_wconf 79' lang='lat' dir='ltr'><strong>itttctirbtiit</strong></span> <span class='ocrx_word' id='word_1_186' title='bbox 550 2640 611 2689; x_wconf 84' lang='lat' dir='ltr'><strong>nnn</strong></span> <span class='ocrx_word' id='word_1_187' title='bbox 642 2622 723 2690; x_wconf 85' lang='lat' dir='ltr'><strong>einer</strong></span> <span class='ocrx_word' id='word_1_188' title='bbox 752 2623 840 2702; x_wconf 67' lang='lat' dir='ltr'><strong>irunt</strong></span> <span class='ocrx_word' id='word_1_189' title='bbox 872 2623 923 2690; x_wconf 76' lang='lat' dir='ltr'><strong>bet</strong></span> <span class='ocrx_word' id='word_1_190' title='bbox 946 2622 1102 2707; x_wconf 72' lang='lat' dir='ltr'><strong>intuenbeu</strong></span> <span class='ocrx_word' id='word_1_191' title='bbox 1124 2621 1370 2706; x_wconf 66' lang='lat' dir='ltr'><strong>Subrbunberta:</strong></span> <span class='ocrx_word' id='word_1_192' title='bbox 1407 2625 1498 2708; x_wconf 90' lang='lat' dir='ltr'><strong>Uppe</strong></span> <span class='ocrx_word' id='word_1_193' title='bbox 1527 2622 1576 2688; x_wconf 82' lang='lat' dir='ltr'><strong>de</strong></span> 
     </span>
    </p>
   </div>
   <div class='ocr_carea' id='block_1_4' title="bbox 220 2719 1582 2923">
    <p class='ocr_par' dir='ltr' id='par_1_4' title="bbox 220 2719 1582 2923">
     <span class='ocr_line' id='line_1_23' title="bbox 220 2719 1582 2816; baseline -0.003 -20"><span class='ocrx_word' id='word_1_194' title='bbox 220 2735 285 2796; x_wconf 88' lang='lat' dir='ltr'><strong>tve</strong></span> <span class='ocrx_word' id='word_1_195' title='bbox 306 2731 367 2797; x_wconf 88' lang='lat' dir='ltr'><strong>hus</strong></span> <span class='ocrx_word' id='word_1_196' title='bbox 389 2735 422 2796; x_wconf 94' lang='lat' dir='ltr'><strong>to</strong></span> <span class='ocrx_word' id='word_1_197' title='bbox 444 2732 522 2797; x_wconf 89' lang='lat' dir='ltr'><strong>Lote</strong></span> <span class='ocrx_word' id='word_1_198' title='bbox 544 2730 605 2798; x_wconf 85' lang='lat' dir='ltr'><strong>unb</strong></span> <span class='ocrx_word' id='word_1_199' title='bbox 628 2748 688 2798; x_wconf 83' lang='lat' dir='ltr'><strong>nnn</strong></span> <span class='ocrx_word' id='word_1_200' title='bbox 711 2719 792 2799; x_wconf 82' lang='lat' dir='ltr'><strong>einer</strong></span> <span class='ocrx_word' id='word_1_201' title='bbox 813 2730 901 2809; x_wconf 73' lang='lat' dir='ltr'><strong>ocni</strong></span> <span class='ocrx_word' id='word_1_202' title='bbox 923 2730 975 2798; x_wconf 77' lang='lat' dir='ltr'><strong>bet</strong></span> <span class='ocrx_word' id='word_1_203' title='bbox 995 2732 1043 2797; x_wconf 88' lang='lat'><strong>16.</strong></span> <span class='ocrx_word' id='word_1_204' title='bbox 1062 2730 1174 2815; x_wconf 65' lang='lat' dir='ltr'><strong>Satri).</strong></span> <span class='ocrx_word' id='word_1_205' title='bbox 1197 2730 1373 2816; x_wconf 65' lang='lat' dir='ltr'><strong>irrigabat:</strong></span> <span class='ocrx_word' id='word_1_206' title='bbox 1397 2721 1582 2813; x_wconf 70' lang='lat' dir='ltr'><strong>Gerdinges</strong></span> 
     </span>
     <span class='ocr_line' id='line_1_24' title="bbox 222 2838 646 2923; baseline 0 -19"><span class='ocrx_word' id='word_1_207' title='bbox 222 2839 308 2904; x_wconf 90' lang='lat' dir='ltr'><strong>unde</strong></span> <span class='ocrx_word' id='word_1_208' title='bbox 330 2838 464 2923; x_wconf 87' lang='lat' dir='ltr'><strong>Geystes</strong></span> <span class='ocrx_word' id='word_1_209' title='bbox 486 2842 646 2920; x_wconf 80' lang='lat' dir='ltr'><strong>genomet.</strong></span> 
     </span>
    </p>
   </div>
   <div class='ocr_carea' id='block_1_5' title="bbox 329 3017 1216 3089">
    <p class='ocr_par' dir='ltr' id='par_1_5' title="bbox 329 3017 1216 3089">
     <span class='ocr_line' id='line_1_25' title="bbox 329 3017 1216 3089; baseline -0.001 -14"><span class='ocrx_word' id='word_1_210' title='bbox 329 3019 349 3086; x_wconf 87' lang='lat'><strong>¹)</strong></span> <span class='ocrx_word' id='word_1_211' title='bbox 369 3017 507 3089; x_wconf 59' lang='lat' dir='ltr'><strong>(eberboch</strong></span> <span class='ocrx_word' id='word_1_212' title='bbox 526 3017 685 3088; x_wconf 63' lang='lat' dir='ltr'><strong>listrontttr.</strong></span> <span class='ocrx_word' id='word_1_213' title='bbox 705 3050 738 3058; x_wconf 94' lang='lat'><em>-</em></span> <span class='ocrx_word' id='word_1_214' title='bbox 758 3018 780 3085; x_wconf 79' lang='lat'><strong>¹)</strong></span> <span class='ocrx_word' id='word_1_215' title='bbox 799 3018 971 3089; x_wconf 69' lang='lat' dir='ltr'><strong>bermuttrttd</strong></span> <span class='ocrx_word' id='word_1_216' title='bbox 991 3018 1216 3088; x_wconf 70' lang='lat' dir='ltr'><strong>itrrpirrldttiprt.</strong></span> 
     </span>
    </p>
   </div>
   <div class='ocr_carea' id='block_1_6' title="bbox 219 3298 723 3380">
    <p class='ocr_par' dir='ltr' id='par_1_6' title="bbox 219 3298 723 3380">
     <span class='ocr_line' id='line_1_26' title="bbox 219 3298 723 3380; baseline 0 -13"><span class='ocrx_word' id='word_1_217' title='bbox 219 3301 273 3368; x_wconf 81' lang='grc'><strong>35.</strong></span> <span class='ocrx_word' id='word_1_218' title='bbox 295 3300 454 3380; x_wconf 82' lang='lat'><strong>-1281,</strong></span> <span class='ocrx_word' id='word_1_219' title='bbox 476 3298 650 3372; x_wconf 57' lang='lat' dir='ltr'><strong>butember</strong></span> <span class='ocrx_word' id='word_1_220' title='bbox 672 3298 723 3368; x_wconf 80' lang='lat'><strong>13.</strong></span> 
     </span>
    </p>
   </div>
   <div class='ocr_carea' id='block_1_7' title="bbox 385 3417 1590 4053">
    <p class='ocr_par' dir='ltr' id='par_1_7' title="bbox 385 3417 1590 4053">
     <span class='ocr_line' id='line_1_27' title="bbox 385 3417 1590 3514; baseline -0.003 -15"><span class='ocrx_word' id='word_1_221' title='bbox 385 3431 452 3499; x_wconf 56' lang='lat' dir='ltr'><strong>wer</strong></span> <span class='ocrx_word' id='word_1_222' title='bbox 474 3430 590 3514; x_wconf 75' lang='lat' dir='ltr'><strong>itidter</strong></span> <span class='ocrx_word' id='word_1_223' title='bbox 621 3428 776 3509; x_wconf 71' lang='lat' dir='ltr'><strong>bermunu</strong></span> <span class='ocrx_word' id='word_1_224' title='bbox 798 3447 857 3497; x_wconf 84' lang='lat' dir='ltr'><strong>ann</strong></span> <span class='ocrx_word' id='word_1_225' title='bbox 880 3428 1006 3514; x_wconf 58' lang='lat' dir='ltr'><strong>aetiana</strong></span> <span class='ocrx_word' id='word_1_226' title='bbox 1037 3431 1099 3498; x_wconf 85' lang='lat' dir='ltr'><strong>unt</strong></span> <span class='ocrx_word' id='word_1_227' title='bbox 1132 3431 1178 3497; x_wconf 85' lang='lat' dir='ltr'><strong>bie</strong></span> <span class='ocrx_word' id='word_1_228' title='bbox 1213 3430 1354 3514; x_wconf 60' lang='lat' dir='ltr'><strong>&amp;difien</strong></span> <span class='ocrx_word' id='word_1_229' title='bbox 1386 3437 1437 3499; x_wconf 83' lang='lat' dir='ltr'><strong>ber</strong></span> <span class='ocrx_word' id='word_1_230' title='bbox 1469 3417 1590 3497; x_wconf 59' lang='lat' dir='ltr'><strong>&amp;tabi</strong></span> 
     </span>
     <span class='ocr_line' id='line_1_28' title="bbox 387 3532 1589 3623; baseline -0.004 -18"><span class='ocrx_word' id='word_1_231' title='bbox 387 3537 561 3605; x_wconf 71' lang='lat' dir='ltr'><strong>ornantur!</strong></span> <span class='ocrx_word' id='word_1_232' title='bbox 593 3537 751 3617; x_wconf 79' lang='lat' dir='ltr'><strong>betunien,</strong></span> <span class='ocrx_word' id='word_1_233' title='bbox 782 3536 840 3616; x_wconf 74' lang='lat' dir='ltr'><strong>bob</strong></span> <span class='ocrx_word' id='word_1_234' title='bbox 862 3536 989 3605; x_wconf 72' lang='lat' dir='ltr'><strong>antbert</strong></span> <span class='ocrx_word' id='word_1_235' title='bbox 1011 3556 1070 3605; x_wconf 85' lang='lat' dir='ltr'><strong>nnn</strong></span> <span class='ocrx_word' id='word_1_236' title='bbox 1093 3537 1264 3623; x_wconf 74' lang='lat' dir='ltr'><strong>litettinqen</strong></span> <span class='ocrx_word' id='word_1_237' title='bbox 1298 3541 1362 3607; x_wconf 84' lang='lat' dir='ltr'><strong>eine</strong></span> <span class='ocrx_word' id='word_1_238' title='bbox 1384 3539 1482 3607; x_wconf 79' lang='lat' dir='ltr'><strong>itentr</strong></span> <span class='ocrx_word' id='word_1_239' title='bbox 1508 3532 1589 3605; x_wconf 72' lang='lat' dir='ltr'><strong>ruti</strong></span> 
     </span>
     <span class='ocr_line' id='line_1_29' title="bbox 387 3644 1589 3731; baseline -0.002 -19"><span class='ocrx_word' id='word_1_240' title='bbox 387 3646 456 3730; x_wconf 64' lang='lat' dir='ltr'><strong>,uei</strong></span> <span class='ocrx_word' id='word_1_241' title='bbox 480 3644 618 3725; x_wconf 72' lang='lat' dir='ltr'><strong>bduiern</strong></span> <span class='ocrx_word' id='word_1_242' title='bbox 653 3645 717 3712; x_wconf 86' lang='lat' dir='ltr'><strong>bem</strong></span> <span class='ocrx_word' id='word_1_243' title='bbox 749 3662 804 3712; x_wconf 81' lang='lat' dir='ltr'><strong>rnr</strong></span> <span class='ocrx_word' id='word_1_244' title='bbox 835 3645 885 3712; x_wconf 83' lang='lat' dir='ltr'><strong>bet</strong></span> <span class='ocrx_word' id='word_1_245' title='bbox 908 3645 1005 3713; x_wconf 64' lang='lat' dir='ltr'><strong>&amp;abt</strong></span> <span class='ocrx_word' id='word_1_246' title='bbox 1036 3646 1192 3730; x_wconf 70' lang='lat' dir='ltr'><strong>grimaneo</strong></span> <span class='ocrx_word' id='word_1_247' title='bbox 1213 3647 1450 3731; x_wconf 68' lang='lat' dir='ltr'><strong>Eenrnientpnnie</strong></span> <span class='ocrx_word' id='word_1_248' title='bbox 1480 3647 1589 3714; x_wconf 78' lang='lat' dir='ltr'><strong>nutet</strong></span> 
     </span>
     <span class='ocr_line' id='line_1_30' title="bbox 386 3748 1588 3838; baseline -0.005 -17"><span class='ocrx_word' id='word_1_249' title='bbox 386 3753 510 3838; x_wconf 62' lang='lat' dir='ltr'><strong>burabe</strong></span> <span class='ocrx_word' id='word_1_250' title='bbox 531 3753 583 3821; x_wconf 80' lang='lat' dir='ltr'><strong>ber</strong></span> <span class='ocrx_word' id='word_1_251' title='bbox 604 3752 815 3836; x_wconf 70' lang='lat' dir='ltr'><strong>tierucnbunu</strong></span> <span class='ocrx_word' id='word_1_252' title='bbox 848 3752 909 3819; x_wconf 83' lang='lat' dir='ltr'><strong>unt</strong></span> <span class='ocrx_word' id='word_1_253' title='bbox 943 3753 998 3819; x_wconf 84' lang='lat' dir='ltr'><strong>mit</strong></span> <span class='ocrx_word' id='word_1_254' title='bbox 1031 3753 1082 3820; x_wconf 82' lang='lat' dir='ltr'><strong>ber</strong></span> <span class='ocrx_word' id='word_1_255' title='bbox 1104 3753 1310 3838; x_wconf 65' lang='lat' dir='ltr'><strong>beltramum</strong></span> <span class='ocrx_word' id='word_1_256' title='bbox 1332 3754 1465 3837; x_wconf 69' lang='lat' dir='ltr'><strong>sedauit</strong></span> <span class='ocrx_word' id='word_1_257' title='bbox 1486 3748 1588 3838; x_wconf 50' lang='lat' dir='ltr'><strong>pube!</strong></span> 
     </span>
     <span class='ocr_line' id='line_1_31' title="bbox 386 3857 1585 3946; baseline 0.002 -19"><span class='ocrx_word' id='word_1_258' title='bbox 386 3859 444 3939; x_wconf 74' lang='lat' dir='ltr'><strong>bob</strong></span> <span class='ocrx_word' id='word_1_259' title='bbox 467 3860 514 3927; x_wconf 82' lang='lat' dir='ltr'><strong>eiu</strong></span> <span class='ocrx_word' id='word_1_260' title='bbox 537 3859 627 3943; x_wconf 54' lang='lat' dir='ltr'><strong>ibat</strong></span> <span class='ocrx_word' id='word_1_261' title='bbox 647 3860 698 3926; x_wconf 84' lang='lat' dir='ltr'><strong>ber</strong></span> <span class='ocrx_word' id='word_1_262' title='bbox 716 3859 813 3928; x_wconf 79' lang='lat' dir='ltr'><strong>arente</strong></span> <span class='ocrx_word' id='word_1_263' title='bbox 834 3860 898 3927; x_wconf 84' lang='lat' dir='ltr'><strong>bun</strong></span> <span class='ocrx_word' id='word_1_264' title='bbox 921 3857 1060 3942; x_wconf 69' lang='lat' dir='ltr'><strong>balpitut</strong></span> <span class='ocrx_word' id='word_1_265' title='bbox 1082 3860 1115 3927; x_wconf 85' lang='lat' dir='ltr'><strong>tn</strong></span> <span class='ocrx_word' id='word_1_266' title='bbox 1137 3861 1188 3928; x_wconf 86' lang='lat' dir='ltr'><strong>ber</strong></span> <span class='ocrx_word' id='word_1_267' title='bbox 1205 3860 1313 3941; x_wconf 60' lang='lat' dir='ltr'><strong>&amp;abt</strong></span> <span class='ocrx_word' id='word_1_268' title='bbox 1334 3862 1402 3943; x_wconf 84' lang='lat' dir='ltr'><strong>narb</strong></span> <span class='ocrx_word' id='word_1_269' title='bbox 1419 3861 1585 3946; x_wconf 59' lang='lat' dir='ltr'><strong>&amp;inathen</strong></span> 
     </span>
     <span class='ocr_line' id='line_1_32' title="bbox 387 3966 1399 4053; baseline 0.002 -18"><span class='ocrx_word' id='word_1_270' title='bbox 387 3969 439 4036; x_wconf 80' lang='lat' dir='ltr'><strong>beu</strong></span> <span class='ocrx_word' id='word_1_271' title='bbox 461 3966 715 4051; x_wconf 72' lang='lat' dir='ltr'><strong>lteprntenbuuieu</strong></span> <span class='ocrx_word' id='word_1_272' title='bbox 738 3966 808 4035; x_wconf 82' lang='lat' dir='ltr'><strong>uber</strong></span> <span class='ocrx_word' id='word_1_273' title='bbox 828 3967 923 4049; x_wconf 85' lang='lat' dir='ltr'><strong>ienun</strong></span> <span class='ocrx_word' id='word_1_274' title='bbox 946 3967 993 4034; x_wconf 81' lang='lat' dir='ltr'><strong>bie</strong></span> <span class='ocrx_word' id='word_1_275' title='bbox 1015 3984 1103 4051; x_wconf 60' lang='lat' dir='ltr'><strong>quave</strong></span> <span class='ocrx_word' id='word_1_276' title='bbox 1125 3967 1222 4036; x_wconf 75' lang='lat' dir='ltr'><strong>itente</strong></span> <span class='ocrx_word' id='word_1_277' title='bbox 1243 3967 1399 4053; x_wconf 63' lang='lat' dir='ltr'><strong>antonne.</strong></span> 
     </span>
    </p>
   </div>
   <div class='ocr_carea' id='block_1_8' title="bbox 486 4096 1192 4170">
    <p class='ocr_par' dir='ltr' id='par_1_8' title="bbox 486 4096 1192 4170">
     <span class='ocr_line' id='line_1_33' title="bbox 486 4096 1192 4170; baseline -0.003 -14"><span class='ocrx_word' id='word_1_278' title='bbox 486 4098 634 4168; x_wconf 68' lang='lat' dir='ltr'><strong>Drtptnut:</strong></span> <span class='ocrx_word' id='word_1_279' title='bbox 654 4097 829 4167; x_wconf 55' lang='lat' dir='ltr'><strong>&amp;tuttutrbtb</strong></span> <span class='ocrx_word' id='word_1_280' title='bbox 849 4096 987 4167; x_wconf 43' lang='lat' dir='ltr'><strong>(bromme</strong></span> <span class='ocrx_word' id='word_1_281' title='bbox 1006 4097 1192 4170; x_wconf 46' lang='lat' dir='ltr'><strong>militonum).</strong></span> 
     </span>
    </p>
   </div>
   <div class='ocr_carea' id='block_1_9' title="bbox 220 4215 1574 4945">
    <p class='ocr_par' dir='ltr' id='par_1_9' title="bbox 220 4215 1574 4945">
     <span class='ocr_line' id='line_1_34' title="bbox 345 4215 1574 4298; baseline 0 -18"><span class='ocrx_word' id='word_1_282' title='bbox 345 4216 410 4282; x_wconf 92' lang='lat' dir='ltr'><strong>Nos</strong></span> <span class='ocrx_word' id='word_1_283' title='bbox 433 4215 638 4280; x_wconf 89' lang='lat' dir='ltr'><strong>Hermannus</strong></span> <span class='ocrx_word' id='word_1_284' title='bbox 660 4215 763 4280; x_wconf 90' lang='lat' dir='ltr'><strong>dictus</strong></span> <span class='ocrx_word' id='word_1_285' title='bbox 785 4215 826 4279; x_wconf 93' lang='lat' dir='ltr'><strong>de</strong></span> <span class='ocrx_word' id='word_1_286' title='bbox 842 4215 976 4296; x_wconf 82' lang='lat' dir='ltr'><strong>Retlage</strong></span> <span class='ocrx_word' id='word_1_287' title='bbox 996 4215 1095 4298; x_wconf 83' lang='lat' dir='ltr'><strong>judex</strong></span> <span class='ocrx_word' id='word_1_288' title='bbox 1117 4218 1149 4278; x_wconf 92' lang='lat' dir='ltr'><strong>et</strong></span> <span class='ocrx_word' id='word_1_289' title='bbox 1170 4215 1290 4280; x_wconf 90' lang='lat' dir='ltr'><strong>scabini</strong></span> <span class='ocrx_word' id='word_1_290' title='bbox 1313 4216 1446 4282; x_wconf 88' lang='lat' dir='ltr'><strong>civitatis</strong></span> <span class='ocrx_word' id='word_1_291' title='bbox 1465 4216 1574 4282; x_wconf 76' lang='lat' dir='ltr'><strong>Osca-</strong></span> 
     </span>
     <span class='ocr_line' id='line_1_35' title="bbox 220 4322 1568 4408; baseline -0.001 -22"><span class='ocrx_word' id='word_1_292' title='bbox 220 4323 386 4405; x_wconf 80' lang='lat' dir='ltr'><strong>burgensis</strong></span> <span class='ocrx_word' id='word_1_293' title='bbox 408 4323 557 4389; x_wconf 91' lang='lat' dir='ltr'><strong>omnibus</strong></span> <span class='ocrx_word' id='word_1_294' title='bbox 578 4322 662 4388; x_wconf 89' lang='lat' dir='ltr'><strong>hanc</strong></span> <span class='ocrx_word' id='word_1_295' title='bbox 683 4323 820 4386; x_wconf 90' lang='lat' dir='ltr'><strong>litteram</strong></span> <span class='ocrx_word' id='word_1_296' title='bbox 842 4322 954 4386; x_wconf 89' lang='lat' dir='ltr'><strong>visuris</strong></span> <span class='ocrx_word' id='word_1_297' title='bbox 977 4326 1008 4386; x_wconf 91' lang='lat' dir='ltr'><strong>et</strong></span> <span class='ocrx_word' id='word_1_298' title='bbox 1027 4322 1179 4387; x_wconf 88' lang='lat' dir='ltr'><strong>audituris</strong></span> <span class='ocrx_word' id='word_1_299' title='bbox 1198 4327 1309 4389; x_wconf 90' lang='lat' dir='ltr'><strong>notum</strong></span> <span class='ocrx_word' id='word_1_300' title='bbox 1328 4343 1399 4389; x_wconf 87' lang='lat' dir='ltr'><strong>esse</strong></span> <span class='ocrx_word' id='word_1_301' title='bbox 1413 4325 1568 4408; x_wconf 68' lang='lat' dir='ltr'><strong>cupimus,</strong></span> 
     </span>
     <span class='ocr_line' id='line_1_36' title="bbox 220 4428 1566 4513; baseline 0.001 -17"><span class='ocrx_word' id='word_1_302' title='bbox 220 4432 308 4513; x_wconf 88' lang='lat' dir='ltr'><strong>quod</strong></span> <span class='ocrx_word' id='word_1_303' title='bbox 330 4431 478 4496; x_wconf 92' lang='lat' dir='ltr'><strong>dominus</strong></span> <span class='ocrx_word' id='word_1_304' title='bbox 500 4429 680 4495; x_wconf 89' lang='lat' dir='ltr'><strong>Ludbertus</strong></span> <span class='ocrx_word' id='word_1_305' title='bbox 703 4431 805 4495; x_wconf 92' lang='lat' dir='ltr'><strong>dictus</strong></span> <span class='ocrx_word' id='word_1_306' title='bbox 828 4429 868 4493; x_wconf 90' lang='lat' dir='ltr'><strong>de</strong></span> <span class='ocrx_word' id='word_1_307' title='bbox 890 4428 1086 4511; x_wconf 79' lang='lat' dir='ltr'><strong>Mettinghen</strong></span> <span class='ocrx_word' id='word_1_308' title='bbox 1115 4449 1247 4513; x_wconf 87' lang='lat' dir='ltr'><strong>compos</strong></span> <span class='ocrx_word' id='word_1_309' title='bbox 1276 4432 1392 4496; x_wconf 90' lang='lat' dir='ltr'><strong>mentis</strong></span> <span class='ocrx_word' id='word_1_310' title='bbox 1419 4437 1451 4497; x_wconf 89' lang='lat' dir='ltr'><strong>et</strong></span> <span class='ocrx_word' id='word_1_311' title='bbox 1472 4433 1566 4497; x_wconf 77' lang='lat' dir='ltr'><strong>sanu⁵</strong></span> 
     </span>
     <span class='ocr_line' id='line_1_37' title="bbox 220 4536 1561 4621; baseline 0.002 -19"><span class='ocrx_word' id='word_1_312' title='bbox 220 4556 353 4620; x_wconf 91' lang='lat' dir='ltr'><strong>corpore</strong></span> <span class='ocrx_word' id='word_1_313' title='bbox 375 4537 517 4603; x_wconf 87' lang='lat' dir='ltr'><strong>vendidit</strong></span> <span class='ocrx_word' id='word_1_314' title='bbox 537 4540 570 4602; x_wconf 89' lang='lat' dir='ltr'><strong>et</strong></span> <span class='ocrx_word' id='word_1_315' title='bbox 591 4555 699 4603; x_wconf 87' lang='lat' dir='ltr'><strong>coram</strong></span> <span class='ocrx_word' id='word_1_316' title='bbox 722 4537 814 4603; x_wconf 91' lang='lat' dir='ltr'><strong>nobis</strong></span> <span class='ocrx_word' id='word_1_317' title='bbox 844 4555 923 4602; x_wconf 88' lang='lat' dir='ltr'><strong>voce</strong></span> <span class='ocrx_word' id='word_1_318' title='bbox 953 4539 985 4601; x_wconf 93' lang='lat' dir='ltr'><strong>et</strong></span> <span class='ocrx_word' id='word_1_319' title='bbox 1016 4555 1114 4602; x_wconf 90' lang='lat' dir='ltr'><strong>manu</strong></span> <span class='ocrx_word' id='word_1_320' title='bbox 1146 4537 1270 4620; x_wconf 89' lang='lat' dir='ltr'><strong>publice</strong></span> <span class='ocrx_word' id='word_1_321' title='bbox 1300 4538 1472 4621; x_wconf 77' lang='lat' dir='ltr'><strong>resignavit</strong></span> <span class='ocrx_word' id='word_1_322' title='bbox 1496 4536 1561 4604; x_wconf 69' lang='lat' dir='ltr'><strong>octo</strong></span> 
     </span>
     <span class='ocr_line' id='line_1_38' title="bbox 220 4642 1560 4735; baseline -0.001 -26"><span class='ocrx_word' id='word_1_323' title='bbox 220 4644 394 4710; x_wconf 84' lang='lat' dir='ltr'><strong>solidorum</strong></span> <span class='ocrx_word' id='word_1_324' title='bbox 425 4643 569 4710; x_wconf 88' lang='lat' dir='ltr'><strong>redditus</strong></span> <span class='ocrx_word' id='word_1_325' title='bbox 600 4644 633 4708; x_wconf 89' lang='lat' dir='ltr'><strong>in</strong></span> <span class='ocrx_word' id='word_1_326' title='bbox 663 4644 761 4711; x_wconf 93' lang='lat' dir='ltr'><strong>domo</strong></span> <span class='ocrx_word' id='word_1_327' title='bbox 789 4648 821 4710; x_wconf 94' lang='lat' dir='ltr'><strong>et</strong></span> <span class='ocrx_word' id='word_1_328' title='bbox 842 4662 917 4710; x_wconf 89' lang='lat' dir='ltr'><strong>area</strong></span> <span class='ocrx_word' id='word_1_329' title='bbox 939 4642 1092 4709; x_wconf 82' lang='lat' dir='ltr'><strong>iohannis</strong></span> <span class='ocrx_word' id='word_1_330' title='bbox 1118 4645 1192 4710; x_wconf 88' lang='lat' dir='ltr'><strong>dicti</strong></span> <span class='ocrx_word' id='word_1_331' title='bbox 1220 4646 1261 4711; x_wconf 94' lang='lat' dir='ltr'><strong>de</strong></span> <span class='ocrx_word' id='word_1_332' title='bbox 1283 4645 1377 4713; x_wconf 90' lang='lat' dir='ltr'><strong>Holte</strong></span> <span class='ocrx_word' id='word_1_333' title='bbox 1409 4648 1442 4712; x_wconf 91' lang='lat' dir='ltr'><strong>in</strong></span> <span class='ocrx_word' id='word_1_334' title='bbox 1463 4647 1560 4735; x_wconf 77' lang='lat' dir='ltr'><strong>putea</strong></span> 
     </span>
     <span class='ocr_line' id='line_1_39' title="bbox 220 4744 1558 4835; baseline 0.003 -19"><span class='ocrx_word' id='word_1_335' title='bbox 220 4770 284 4835; x_wconf 85' lang='lat' dir='ltr'><strong>que</strong></span> <span class='ocrx_word' id='word_1_336' title='bbox 304 4755 435 4818; x_wconf 89' lang='lat' dir='ltr'><strong>vocatur</strong></span> <span class='ocrx_word' id='word_1_337' title='bbox 450 4752 598 4818; x_wconf 88' lang='lat' dir='ltr'><strong>Lostrate</strong></span> <span class='ocrx_word' id='word_1_338' title='bbox 620 4754 653 4817; x_wconf 92' lang='lat' dir='ltr'><strong>et</strong></span> <span class='ocrx_word' id='word_1_339' title='bbox 672 4770 731 4819; x_wconf 87' lang='lat' dir='ltr'><strong>sex</strong></span> <span class='ocrx_word' id='word_1_340' title='bbox 751 4752 927 4818; x_wconf 89' lang='lat' dir='ltr'><strong>solidorum</strong></span> <span class='ocrx_word' id='word_1_341' title='bbox 947 4751 1092 4818; x_wconf 86' lang='lat' dir='ltr'><strong>redditus</strong></span> <span class='ocrx_word' id='word_1_342' title='bbox 1112 4753 1145 4817; x_wconf 88' lang='lat' dir='ltr'><strong>in</strong></span> <span class='ocrx_word' id='word_1_343' title='bbox 1168 4752 1266 4819; x_wconf 91' lang='lat' dir='ltr'><strong>domo</strong></span> <span class='ocrx_word' id='word_1_344' title='bbox 1286 4756 1318 4819; x_wconf 92' lang='lat' dir='ltr'><strong>et</strong></span> <span class='ocrx_word' id='word_1_345' title='bbox 1339 4773 1416 4820; x_wconf 88' lang='lat' dir='ltr'><strong>area</strong></span> <span class='ocrx_word' id='word_1_346' title='bbox 1432 4744 1558 4822; x_wconf 72' lang='lat' dir='ltr'><strong>mund</strong></span> 
     </span>
     <span class='ocr_line' id='line_1_40' title="bbox 220 4855 1559 4945; baseline -0.002 -20"><span class='ocrx_word' id='word_1_347' title='bbox 220 4859 376 4927; x_wconf 81' lang='lat' dir='ltr'><strong>saltatoris</strong></span> <span class='ocrx_word' id='word_1_348' title='bbox 406 4859 556 4945; x_wconf 81' lang='lat' dir='ltr'><strong>hospitali</strong></span> <span class='ocrx_word' id='word_1_349' title='bbox 584 4860 795 4944; x_wconf 83' lang='lat' dir='ltr'><strong>leprosorum,</strong></span> <span class='ocrx_word' id='word_1_350' title='bbox 829 4858 918 4944; x_wconf 89' lang='lat' dir='ltr'><strong>quod</strong></span> <span class='ocrx_word' id='word_1_351' title='bbox 938 4859 1065 4944; x_wconf 78' lang='lat' dir='ltr'><strong>adiacet</strong></span> <span class='ocrx_word' id='word_1_352' title='bbox 1090 4859 1207 4926; x_wconf 88' lang='lat' dir='ltr'><strong>civitati</strong></span> <span class='ocrx_word' id='word_1_353' title='bbox 1239 4864 1359 4942; x_wconf 87' lang='lat' dir='ltr'><strong>nostre,</strong></span> <span class='ocrx_word' id='word_1_354' title='bbox 1392 4860 1502 4945; x_wconf 70' lang='lat' dir='ltr'><strong>legans</strong></span> <span class='ocrx_word' id='word_1_355' title='bbox 1521 4855 1559 4922; x_wconf 75' lang='lat' dir='ltr'><strong>de</strong></span> 
     </span>
    </p>
   </div>
   <div class='ocr_carea' id='block_1_10' title="bbox 0 0 1610 5354">
    <p class='ocr_par' dir='ltr' id='par_1_10' title="bbox 0 0 1610 5354">
     <span class='ocr_line' id='line_1_41' title="bbox 0 0 1610 5354; baseline 0 2"><span class='ocrx_word' id='word_1_356' title='bbox 0 0 1610 5354; x_wconf 95' lang='lat' dir='ltr'><strong> </strong></span> 
     </span>
    </p>
   </div>
  </div>
 </body>
</html>
