3210 5354
767 310 837 367 1292

298 481 378 549 alten
400 478 500 559 haute
521 495 555 563 ga
579 476 703 560 motam
725 475 786 543 aab
808 473 867 552 bah
883 471 1026 555 mitram
1048 488 1109 538 ona
1134 467 1261 554 hodone
1282 468 1376 550 hales
1390 466 1458 546 hul

299 608 351 674 gur
363 589 511 674 &littura
525 588 608 655 eines
627 579 1041 671 gamilienleetgetddtnilles
1063 598 1104 648 aa
1125 579 1183 647 bas
1198 578 1226 664 h.
1245 574 1458 659 Seihmolptd

300 698 439 786 addenti
459 700 521 782 hot.

397 831 544 904 mathat:
563 827 741 898 &tollutario
761 823 900 896 (ffronrrnr
918 821 1105 895 edfmagrn).

257 950 324 1017 Nos
345 949 508 1016 iohannes
530 948 632 1014 dictus
647 944 720 1012 Flos
731 945 832 1028 judex
849 942 1105 1027 Osnaburgensis
1126 937 1387 1023 recognoscimus
1403 952 1458 1020 pre·

132 1058 275 1124 sentibus
298 1063 330 1123 et
350 1061 516 1136 testamur,
540 1056 627 1140 quod
645 1055 765 1138 Sophia
787 1053 895 1119 relicta
917 1052 1081 1135 quondam
1093 1048 1213 1116 Hinrici
1235 1048 1312 1115 dicti
1326 1047 1368 1113 de
1378 1044 1459 1112 Halo

134 1166 238 1232 militis
272 1186 309 1232 ac
343 1166 506 1232 lohannes
541 1164 644 1230 dictus
665 1163 778 1230 Budde
812 1163 880 1245 ejus
911 1161 1117 1243 postmodum
1152 1159 1289 1224 maritus
1322 1152 1486 1255 constitutit

134 1295 242 1341 coram
263 1275 387 1341 nobis
378 1295 411 1339 m
433 1274 534 1356 figura
554 1273 660 1357 judicii
682 1271 751 1338 illas
774 1270 854 1337 duas
870 1270 984 1335 domos
1000 1271 1140 1333 veterem
1153 1266 1301 1332 videlicet
1316 1269 1350 1330 et
1363 1279 1459 1329 novam
1484 1276 1486 1291 ²

134 1386 211 1449 sitas
232 1385 313 1449 infra
334 1403 443 1450 muros
466 1382 730 1462 Osnaburgenses
752 1379 840 1463 apud
861 1379 994 1444 domum
1016 1378 1160 1461 Hugonis
1182 1377 1224 1443 de
1236 1374 1342 1441 Wede
1363 1372 1460 1447 mlius.

133 1510 196 1574 que
218 1489 293 1556 dicti
314 1489 431 1554 Hinrici
455 1490 495 1554 de
517 1487 621 1554 Halen
656 1489 763 1554 militis
798 1487 933 1564 fuerant,
967 1505 1040 1550 cum
1062 1490 1160 1570 puteo
1183 1490 1216 1550 et
1237 1478 1460 1549 necessariori

134 1598 265 1663 easdem
287 1598 401 1662 domos
430 1598 642 1662 communiter
670 1596 905 1680 pertinentibus
927 1599 958 1660 et
980 1614 1053 1661 cum
1075 1594 1143 1659 aliis
1164 1611 1279 1658 earum
1301 1586 1460 1661 attinentis
1483 1584 1486 1659 l

134 1708 214 1772 sicut
233 1708 350 1790 jacent,
382 1707 455 1791 juri,
487 1707 513 1771 si
547 1705 634 1788 quod
668 1705 876 1770 habebant
868 1724 898 1770 m
933 1703 1065 1782 eisdem,
1100 1702 1228 1784 penitus
1257 1700 1421 1783 resignato,
1436 1678 1486 1793 iv}

134 1833 250 1879 manus
273 1813 432 1878 Wilhelmi
466 1815 536 1879 dicti
570 1813 610 1878 de
632 1812 766 1896 Hollage
800 1813 906 1877 militis
940 1811 1111 1877 liberaliter
1141 1809 1392 1892 resignaverunt
1426 1802 1486 1867 lui

133 1927 252 2001 tamen,
286 1922 374 2005 quod
408 1922 491 1987 dicta
512 1921 676 2004 Sophia
668 1941 699 1986 m
732 1921 831 1986 veteri
865 1920 962 1986 domo
994 1920 1137 1985 solvente
1159 1917 1360 1984 annuatim'
1350 1935 1380 1981 m
1399 1912 1486 2003 rao,

133 2031 219 2096 beati
250 2029 421 2113 Mychaelis
452 2029 512 2093 XII
545 2029 696 2095 denarios
728 2028 852 2093 areales
884 2032 917 2092 et
948 2028 1070 2112 pullum
1104 2028 1243 2093 dominis
1268 2026 1318 2092 de
1349 2024 1486 2088 Sumrm¹

135 2141 306 2214 moratura,
330 2138 484 2220 quamdiu
506 2140 626 2217 vixerit,
651 2136 862 2220 permanebit.
892 2137 1000 2201 Dictus
1017 2133 1352 2220 quoqueWilhelmus
1370 2131 1460 2214 haim·

136 2245 224 2310 modi
246 2245 458 2326 resignatione
475 2246 517 2310 ab
540 2245 609 2328 ipsa
626 2244 746 2329 Sophia
768 2247 800 2308 et
815 2246 884 2328 ejus
898 2245 1014 2309 manto
1030 2247 1158 2327 recepta
1172 2242 1332 2327 prefatam
1342 2242 1458 2305 veretro

135 2354 267 2419 domurn
290 2372 362 2418 cum
385 2354 534 2419 omnibus
557 2354 701 2437 ejusdem
723 2354 897 2418 attinentiis
925 2353 1108 2419 immediate
1129 2369 1241 2417 coram
1262 2350 1356 2417 nobis
1375 2342 1459 2427 honi·

136 2460 191 2526 tali
212 2462 312 2526 sancti
334 2461 468 2544 Spiritus
490 2462 749 2543 Osnaburgensis
781 2461 814 2524 in
848 2480 905 2526 sue
927 2479 965 2525 ac
987 2461 1086 2544 ipsius
1107 2457 1229 2542 Sophie
1251 2462 1284 2523 et
1305 2448 1459 2522 nudate

137 2569 240 2635 Halen
262 2570 393 2653 predicti
414 2571 594 2635 animarum
616 2570 795 2635 remedium
819 2571 961 2649 contulit,
997 2571 1128 2636 donavit
1150 2574 1183 2634 et
1204 2569 1237 2633 in
1271 2582 1383 2632 manus
1402 2560 1458 2626 ilir-

136 2679 191 2743 rici
212 2677 392 2760 Hazeelring
414 2684 446 2744 et
469 2679 653 2760 Wigmanni
674 2682 715 2744 de
738 2679 883 2758 Loreslo‚
917 2680 1119 2763 provisorum
1142 2675 1311 2760 hospitalis
1332 2670 1458 2759 ejusden

137 2786 315 2868 resignavit,
348 2792 421 2868 post
452 2791 587 2851 mortem
618 2789 685 2870 jam
720 2789 803 2853 dicte
835 2788 955 2872 Sophie
989 2788 1031 2852 ab
1064 2787 1177 2852 eodem
1207 2783 1357 2869 hospitali
1383 2780 1459 2847 libet

136 2897 167 2958 et
200 2894 303 2958 solute
335 2897 490 2977 perpetuo
523 2894 761 2976 possidendam.
828 2897 944 2961 Actum
979 2894 1199 2977 Osenbrugge‚
1238 2911 1328 2959 anno
1357 2880 1458 2955 main

136 3001 456 3078 wccmxxxxw,
489 3003 566 3066 teria
591 3003 627 3065 Vl
650 3008 724 3085 post
746 3004 885 3068 Odalrici
907 3003 1062 3087 episcopi,
1095 3002 1302 3086 presentibus
1322 2992 1458 3067 Genua

138 3112 178 3175 de
199 3109 391 3187 hlolendino,
426 3110 558 3174 Alberto
581 3111 621 3175 de
640 3111 728 3189 One,
752 3111 915 3194 Bruningo
938 3112 1101 3194 quondam
1120 3108 1331 3185 theloneario,
1351 3104 1458 3173 otredo

137 3216 330 3291 dictoWise,
353 3218 406 3299 qui
429 3218 640 3298 interrogatus
663 3219 747 3283 illam
773 3220 872 3285 edidit
895 3219 1097 3299 sententiam,
1121 3219 1259 3302 quodsi
1281 3210 1460 3297 dicusvphi

138 3329 170 3389 et
191 3323 353 3389 lohannes
376 3323 487 3387 Budde
508 3327 753 3405 resignationem
777 3326 935 3393 dictarum
959 3330 1130 3393 domorum
1152 3331 1185 3391 et
1209 3328 1279 3411 ipse
1300 3325 1461 3393 wilhelmus

138 3432 228 3497 miles
248 3432 460 3505 collationem,
494 3431 699 3496 donationem
734 3438 766 3498 et
799 3434 1049 3516 resignationem
1076 3435 1253 3501 earundem
1276 3455 1335 3520 per
1355 3431 1463 3500 eosdem

139 3542 238 3606 lactas
259 3558 377 3620 negare
399 3538 557 3603 voluerint
590 3541 621 3603 in
654 3546 830 3623 posterum,
868 3547 955 3626 quod
981 3545 1074 3623 absit,
1107 3546 1166 3627 ipsi
1188 3564 1248 3627 per
1269 3564 1330 3610 nos
1348 3541 1463 3628 judicem

139 3653 170 3713 et
191 3651 289 3713 testes
311 3647 549 3730 prenominatos
571 3650 672 3729 magis
692 3653 770 3713 sunt
794 3651 834 3715 de
857 3651 916 3715 hiis
938 3652 1157 3731 convincendi,
1193 3672 1293 3736 quam
1317 3668 1421 3717 eomm
1436 3644 1466 3710 sit

139 3755 266 3837 negatio
287 3755 496 3821 admittenda.
536 3754 570 3817 ln
593 3758 682 3838 cujus
704 3759 748 3821 rei
768 3759 983 3824 testimonium
1002 3759 1139 3842 sigillum
1162 3764 1311 3826 nostrum
1333 3752 1469 3843 presenti·

140 3866 200 3929 bus
222 3867 269 3929 est
291 3883 480 3947 appensum.
524 3863 640 3928 Datum
663 3884 750 3929 anno
771 3869 803 3930 et
825 3868 875 3931 die
898 3867 1055 3950 predictis.

265 3996 373 4079 &irael
395 3998 447 4062 bre
464 3995 681 4075 &tablridrtrts
703 4004 755 4081 gut
778 3998 929 4079 rrtrattm:
956 3998 1107 4065 alteratur
1129 4000 1185 4065 mit
1201 4000 1290 4067 &liet
1310 4002 1353 4069 ira
1374 3999 1475 4067 malm

141 4103 339 4185 &egelidam
374 4106 394 4184 †
416 4104 448 4166 S.
471 4102 623 4166 iohannis
646 4103 744 4167 lteris
763 4105 877 4186 judicis
900 4106 1081 4187 Osnahurg.
1117 4106 1234 4191 (Mi
1258 4110 1304 4177 ὅ.
1330 4110 1401 4189 177,
1423 4106 1478 4189 13.)

140 4358 216 4424 344.
239 4396 280 4408 -
301 4358 492 4439 berctrid,
516 4357 608 4437 istd.
630 4357 705 4436 aaa
729 4360 779 4429 la

308 4490 374 4557 aher
396 4489 512 4569 aram
536 4488 697 4570 hohanare
719 4489 829 4557 tilemr
861 4511 896 4575 ru
924 4492 1097 4561 Erechthei
1129 4495 1322 4581 laudumo,
1354 4499 1414 4579 bah
1443 4502 1486 4566 her

316 4598 457 4664 (illidere
479 4596 633 4673 herniam
656 4597 831 4681 thortginle,
865 4601 911 4666 hie
943 4620 974 4667 rr
1007 4621 1067 4668 oon
1099 4603 1164 4669 henr
1186 4604 1292 4675 Siitter
1322 4627 1385 4676 oon
1407 4608 1486 4677 men

312 4706 475 4783 anderten,
498 4704 736 4787 nirhrroerlanll
758 4706 831 4789 tate
852 4727 891 4775 on
910 4708 1083 4791 Satanan,
1103 4710 1160 4777 ben
1174 4711 1288 4784 stata
1309 4717 1365 4785 tce
1382 4716 1486 4800 houm

314 4812 483 4883 altaalta
506 4812 557 4879 ber
579 4810 757 4895 ihomtinlrr.

407 4928 555 5001 ortulum:
574 4927 745 4993 monimenta.
