3210 5354
719 357 789 413 1294
1356 340 1420 407 257

248 541 309 590 oon
331 521 536 608 amacura,
558 521 612 606 cui
633 521 710 606 letne
732 522 836 606 ttedte
857 520 994 606 embolo
1006 520 1204 608 titiletbttreu
1226 540 1260 608 pr
1284 522 1421 604 dunsten

247 631 301 699 ber
323 630 455 710 litoteta
479 630 691 717 &concubuit

347 764 493 838 Drtgtnol:
513 765 707 838 &tuottordrtb
726 765 859 838 illicitet.

207 881 276 948 Nos
298 935 306 951 .
330 934 338 948 .
365 884 573 967 Engelbertus
604 887 652 951 vir
683 885 796 951 nobilis
828 885 931 950 dictus
963 883 1004 948 de
1036 881 1277 964 Tekeneburch,
1312 883 1423 950 Mona·

157 990 244 1054 ensis
278 994 310 1055 et
335 991 590 1076 Osnaburgensis
626 992 830 1059 ecclesiarum
863 991 1046 1072 canonicus,
1079 992 1232 1056 universis
1264 994 1424 1076 presentia

157 1099 195 1162 ris
215 1102 329 1164 noturn
351 1100 483 1166 iacimus
504 1101 631 1185 publice
645 1104 872 1185 protestantes,
895 1100 982 1184 quod
1000 1118 1060 1164 nos
1074 1101 1194 1165 curiam
1205 1101 1236 1164 in
1248 1099 1425 1166 Pusselinc·

157 1225 185 1272 an
193 1206 222 1292 ¹)
256 1226 329 1273 cum
364 1208 512 1274 omnibus
544 1209 721 1274 attinenciis
762 1211 794 1272 et
822 1207 946 1292 juribus
978 1207 1021 1274 ad
1057 1209 1174 1274 dictam
1207 1210 1425 1292 spectantibus

157 1333 206 1380 am
227 1319 260 1381 et
280 1316 413 1382 liberam
435 1317 476 1383 ab
500 1319 587 1384 omni
618 1317 819 1400 impeticione
848 1319 936 1401 justa
963 1318 1029 1383 sire
1052 1318 1168 1401 injusta
1190 1318 1371 1384 reverendis
1393 1320 1425 1384 in

157 1423 211 1488 sto
232 1422 394 1490 abbatisse
427 1428 458 1490 et
492 1426 660 1491 conventui
694 1425 725 1490 in
748 1423 966 1492 Gravenhorst
997 1427 1222 1491 renunciantes
1247 1426 1335 1490 omni
1353 1426 1426 1510 juri,

157 1531 225 1596 lin
246 1532 329 1598 dicta
350 1532 470 1598 habere
491 1534 689 1613 videbamur,
722 1551 831 1598 coram
853 1533 949 1599 fratre
971 1536 1080 1598 nostro
1103 1585 1111 1601 .
1136 1583 1143 1597 .
1170 1533 1289 1599 Oltone
1311 1534 1426 1600 comite

157 1638 372 1706 tekeneburch
402 1641 632 1725 resignavimus
664 1645 696 1705 et
727 1636 929 1724 presentibus
959 1639 1168 1723 resignamus.
1211 1640 1247 1704 ln
1269 1642 1359 1724 cujus
1380 1643 1426 1706 rei

157 1765 214 1814 eos
235 1747 450 1814 testimonium
472 1768 605 1832 presens
627 1749 779 1832 scripturn
803 1748 903 1831 sigillo
919 1751 1028 1815 nostro
1039 1748 1188 1814 duximus
1199 1749 1425 1816 roborandum.

157 1875 168 1922 ι
187 1861 261 1923 sunt
274 1856 334 1923 hec
346 1856 588 1937 Tekeneburch,
608 1858 811 1942 presentibus
828 1857 971 1925 discretis
988 1856 1062 1922 viris
1075 1856 1234 1924 videlicet:
1257 1857 1426 1924 Ludewico

157 1964 275 2031 rudolfo
308 1965 399 2031 dictis
431 1964 534 2046 Hake,
567 1964 697 2031 Hinrioo
731 1969 763 2030 et
795 1964 1005 2034 Constantino
1037 1969 1128 2036 dictis
1159 1972 1201 2036 de
1232 1970 1425 2050 Scaltbroke,

157 2055 266 2139 odone
295 2073 379 2139 dicto
421 2073 462 2138 de
484 2073 735 2156 Ymminctorpe,
781 2072 974 2155 Engelberto
1006 2076 1046 2142 de
1078 2076 1228 2143 Horstelo
1260 2079 1426 2156 militibus;

157 2185 220 2248 erto
240 2181 347 2248 nobile
369 2183 436 2247 viro
458 2181 542 2247 dicto
565 2182 605 2248 de
620 2181 788 2261 Benttrem,
810 2180 939 2247 Hinrioo
961 2183 1001 2249 de
1015 2184 1159 2265 strichet,
1183 2185 1332 2251 Conrado
1344 2185 1441 2251 dicto·

157 2289 393 2372 Bmclrterbeke,
415 2289 544 2356 Hinrioo
558 2290 598 2356 de
610 2288 861 2373 Ymminctorpe‚
884 2289 1034 2357 Conrado
1056 2292 1303 2361 dictoSculdere
1324 2293 1428 2360 farnu-

157 2403 177 2464 rt
196 2398 264 2465 aliis
287 2417 385 2483 quam
407 2398 550 2482 pluribus
572 2398 635 2464 fide
658 2397 771 2481 dignis.
790 2397 924 2463 Datum
946 2417 1033 2466 anno
1044 2399 1171 2467 Domini
1183 2401 1305 2468 M⁰CC⁰
1327 2421 1427 2469 nona·

157 2526 205 2572 mo
227 2510 353 2591 quarto,
374 2506 408 2572 in
429 2506 481 2572 die
503 2506 725 2590 apostolorum
747 2505 881 2589 Philippi
905 2510 937 2571 et
958 2506 1076 2576 iacobi.

210 2637 318 2724 erepet
339 2638 393 2706 ber
414 2638 593 2718 bustellus
614 2655 680 2722 pum
703 2636 792 2722 thail
814 2636 966 2721 erbottcn:
989 2639 1044 2722 oui
1064 2640 1129 2708 teor
1144 2640 1264 2723 &bitte
1285 2640 1331 2708 bie
1352 2640 1426 2723 bret,

157 2759 227 2833 geue
259 2748 323 2834 icbr
354 2746 463 2832 idiunt
499 2747 649 2827 dittirten
684 2745 943 2832 tedtenbutgirben
976 2749 1209 2818 dinbenbtttter.
1273 2747 1344 2833 aar.
1377 2750 1426 2816 ein

157 2867 217 2925 trel
238 2856 348 2942 elena
370 2858 422 2926 bea
444 2857 624 2938 bustellus
647 2857 762 2944 (listi.
785 2858 828 2926 Θ.
853 2859 924 2941 133,
946 2859 992 2945 2),
1024 2859 1142 2944 meldas
1176 2877 1207 2927 er
1229 2859 1274 2927 bei
1295 2859 1346 2927 ber
1368 2860 1425 2928 tir:

157 2984 178 3035 re
197 2985 266 3036 oon
288 2968 339 3036 19.
362 2967 445 3051 Sani
469 2969 551 3034 1299
572 2969 682 3051 tenuat
704 2968 764 3053 bot.
1165 3002 1167 3007 v

193 3147 214 3216 ¹)
232 3148 411 3221 tillicffiiren
430 3149 471 3207 bet
490 3149 650 3223 tildenbed,
667 3149 713 3208 ar.
733 3149 918 3223 todendorp.

157 3488 224 3554 t·
246 3487 472 3571 mutuat,
495 3488 590 3570 1294,
611 3486 698 3568 unu
719 3488 772 3559 25.

250 3618 367 3703 tilido?
401 3619 524 3688 donrob
558 3639 618 3690 oon
650 3618 823 3688 Durobrtld
876 3616 1023 3699 betunbet,
1065 3616 1124 3698 bob
1163 3617 1213 3685 ber
1255 3617 1423 3701 &dulciter

250 3727 405 3808 beamur
427 3729 460 3797 tn
477 3728 682 3799 tbtcbeottdd
703 3729 759 3797 ben
777 3726 979 3812 ttuguitinern
1000 3728 1033 3793 in
1055 3726 1205 3811 bipodobt
1226 3727 1294 3810 nod
1316 3727 1423 3809 letrau

250 3836 494 3916 dobednboue
516 3845 604 3907 auter
625 3837 676 3906 bet
695 3836 877 3921 bebtngung
899 3833 1041 3916 oermodt
1063 3833 1126 3918 bot,
1147 3834 1206 3915 bob
1228 3835 1309 3904 cinca
1330 3833 1424 3917 itiner

248 3944 592 4028 mundandantur
616 3946 655 4010 12
678 3943 770 4013 iitort
793 3942 1040 4029 putssdeooetbcn
1062 3942 1165 4014 ttnne.

348 4076 491 4149 Dtigtnol:
511 4077 705 4148 &turdorum
723 4075 855 4148 litdnttet.

210 4196 276 4263 Nos
298 4171 466 4262 Conradus
487 4195 544 4260 Dei
577 4197 677 4279 gratia
699 4196 957 4278 Osnaburgensis
992 4194 1121 4260 ecclesie
1154 4195 1321 4278 episcopus
1348 4214 1423 4278 pre-

157 4300 227 4370 tlrus
257 4307 482 4388 protestamur,
518 4305 605 4388 quod
638 4306 787 4371 dominus
826 4303 1031 4370 Hermannus
1071 4303 1253 4369 scolasticus
1289 4301 1422 4369 Widen·

157 4413 250 4490 gensis
271 4430 380 4478 coram
402 4412 495 4478 nobis
517 4416 549 4478 et
571 4407 630 4479 suo
651 4412 789 4497 capitulo
812 4411 960 4477 iratribus
994 4410 1112 4476 ordinis
1134 4412 1234 4475 sancti
1255 4411 1424 4493 Augustini

157 4512 260 4604 lyppia
281 4520 314 4586 in
340 4520 520 4587 remedium
554 4506 677 4586 anime*
695 4541 752 4587 sue
784 4524 857 4604 post
889 4520 1010 4586 obitum
1044 4538 1136 4584 suum
1170 4518 1299 4584 contulit
1330 4536 1421 4584 suam

157 4642 227 4709 num,
268 4629 323 4695 tali
345 4633 455 4695 tamen
487 4629 667 4695 conditione
689 4629 884 4712 interposita,
927 4632 963 4693 ut
994 4626 1108 4709 aliquis
1136 4627 1422 4691 concanonicorum

157 4750 216 4804 rum
237 4743 268 4805 et
288 4758 355 4805 non
376 4739 456 4805 alius
478 4739 581 4822 ipsam
601 4759 661 4823 pro
683 4736 851 4804 duodecim
874 4735 989 4802 marcis
1004 4734 1124 4801 usualis
1140 4736 1269 4798 monete
1280 4733 1324 4799 ad
1345 4752 1422 4799 usus

157 4847 365 4915 saeoelesie
386 4866 407 4913 a
427 4847 576 4932 predictis
608 4847 759 4914 iratribus
791 4846 937 4912 absolute
969 4844 1125 4910 redimere
1155 4841 1213 4907 sibi
1235 4843 1344 4925 possit.
1386 4843 1422 4908 ln

157 4964 185 5014 lu
209 4956 253 5022 rei
284 4957 501 5024 testimonium
536 4956 671 5040 sigillum
704 4958 850 5022 nostrum
886 4973 958 5021 cum
991 4951 1091 5037 sigillo
1123 4950 1251 5035 capituli
1280 4952 1422 5037 jamdicti

159 5069 419 5137 ’transuersam
433 5082 473 5128 rr.
1170 5060 1211 5133 l'i
