3210 5354
777 326 846 382 1292
1416 308 1479 373 221

259 492 359 559 Nos.
384 493 511 576 .judex
545 497 576 557 et
608 541 616 560 .
648 542 654 556 .
688 491 808 557 scabini
842 492 1110 574 Osnaburgenses
1143 494 1254 555 tenore
1286 491 1481 573 presentium

157 599 260 681 publice
293 603 519 683 protestamur,
560 601 648 684 quod
681 599 828 665 Hinricus
861 604 893 665 et
924 600 1096 665 Swederus
1129 599 1257 681 legitimi
1295 598 1384 681 pueri
1417 599 1482 662 sive

157 705 269 774 heredes
293 711 456 792 quondam
479 711 613 776 Arnoldi
636 709 878 775 deStenvordia
900 710 974 774 civis
996 709 1251 790 osnaburgensis
1273 726 1344 772 cum
1366 711 1483 787 patruo

157 834 248 881 eorum
270 816 401 882 Hinrico
424 816 464 881 de
487 816 679 883 Stenvordia
711 836 823 881 eorum
857 815 997 898 legitimo
1031 818 1195 901 provisore
1221 817 1252 880 in
1274 818 1383 881 nostra
1406 834 1482 879 con-

157 924 236 990 stituti
255 927 415 1009 presentia
438 927 703 1009 expectationem,
738 945 835 1009 quarn
869 926 1036 991 habebant
1065 928 1097 991 in
1119 927 1203 1008 agris
1224 923 1377 1008 Atheydis
1400 925 1481 988 dicte

157 1027 365 1099 ermersehen
383 1035 452 1098 avie
470 1033 579 1099 matris
598 1052 708 1098 eorum
722 1032 901 1116 jacentibus
917 1034 1004 1115 apud
1020 1033 1169 1098 arborem
1183 1030 1482 1097 Pervemundesbom

157 1137 262 1221 dictam,
296 1143 350 1225 qui
382 1142 527 1209 videlicet
559 1142 626 1224 agri
658 1143 700 1208 ad
734 1162 789 1207 eos
822 1143 948 1206 fuerant
969 1145 1043 1224 post
1065 1145 1201 1207 mortem
1225 1142 1307 1206 dicte
1329 1140 1481 1224 Alheydis

157 1244 326 1315 hereditario
346 1252 417 1334 jure
439 1251 576 1333 legitime
599 1250 796 1329 devolvendi,
820 1249 963 1314 unanimi
985 1269 1145 1314 consensu
1162 1249 1367 1314 etvoluntate
1382 1249 1482 1314 libera

157 1359 354 1423 renuntiantes
376 1359 477 1425 dictos
499 1379 593 1442 agros
626 1361 658 1424 in
691 1378 806 1424 manus
829 1357 947 1422 Hinrici
972 1355 1153 1438 Hazceking
1183 1363 1216 1422 et
1240 1356 1419 1439 Wigrnanni
1441 1358 1482 1421 de

157 1459 267 1530 lovcslo
301 1466 500 1549 provisorum
534 1466 699 1551 hospitalis
738 1468 839 1533 sancti
871 1465 1006 1549 Spiritus
1040 1466 1298 1550 Osnaburgensis
1330 1468 1371 1532 ad
1405 1486 1481 1532 usus

157 1569 235 1654 ipsius
253 1574 417 1659 hospitalis
439 1575 682 1657 resignaverunt
715 1574 812 1639 libere
848 1580 880 1639 et
912 1574 1015 1641 solute
1037 1577 1078 1640 ab
1102 1576 1217 1640 eodem
1238 1575 1386 1659 hospitali
1408 1579 1481 1659 post

157 1685 272 1748 mortem
294 1684 417 1767 pretate
439 1683 591 1766 Alheydis
624 1683 732 1767 quiete
765 1689 797 1748 et
828 1683 959 1766 pacifice
993 1688 1148 1767 perpetuo
1179 1684 1399 1767 possidendos.
1443 1682 1481 1747 ut

157 1791 216 1871 quia
243 1791 316 1858 dicti
350 1793 417 1874 agri
450 1791 510 1857 nisi
542 1792 626 1857 dicta
647 1791 792 1876 Alheyde
825 1792 865 1858 de
900 1793 1005 1857 medio
1037 1791 1163 1856 sublata
1190 1791 1222 1856 in
1244 1793 1480 1873 possessionem

157 1894 234 1979 ipsius
253 1901 418 1985 hospitalis
439 1920 505 1967 non
518 1905 669 1985 poterunt
685 1900 845 1979 devenire,
868 1901 941 1967 dicti
957 1902 1057 1984 pueri,
1074 1918 1242 1983 quousque
1260 1900 1292 1964 id
1309 1901 1481 1983 contingat,

157 2021 181 2067 se
197 2007 310 2089 pretato
332 2009 479 2093 hospitali
500 2010 543 2076 ad
564 2011 753 2076 solutionem
782 2007 860 2074 XXti
891 2010 1081 2075 molciorum
1103 2028 1183 2091 pure
1205 2007 1332 2090 siliginis
1355 2008 1482 2073 solven-

157 2111 249 2181 dcmm
272 2117 304 2181 in
326 2096 465 2182 crastino
487 2118 573 2182 beati
586 2117 713 2183 Martini
732 2119 773 2182 de
795 2118 893 2184 domo
910 2118 1095 2183 Gerthrudis
1118 2118 1212 2183 vidue
1234 2119 1274 2182 de
1290 2116 1480 2183 Stenvordia

159 2224 210 2288 avie
228 2245 338 2290 eorurn
360 2226 452 2291 annis
474 2226 604 2309 singulis
627 2227 810 2307 obligarunt
840 2231 871 2291 et
901 2228 926 2291 si
953 2227 1137 2311 hujusmodi
1160 2245 1288 2291 annona
1309 2229 1399 2310 pueri
1422 2228 1478 2311 ipsi

158 2347 207 2396 uon
225 2333 385 2410 solverint,
408 2332 593 2398 Wicboldus
615 2333 789 2401 Everhardi
813 2336 905 2414 filius,
932 2335 1080 2401 Hinricus
1102 2336 1143 2400 de
1165 2335 1295 2413 Bersen,
1316 2335 1479 2400 lohannes

157 2434 219 2520 llos,
237 2441 401 2508 lohannes
422 2442 463 2507 de
485 2440 587 2522 Melle,
609 2441 780 2509 Swederus
803 2445 998 2527 Richtering,
1021 2444 1183 2510 lohannes
1206 2445 1246 2508 de
1268 2444 1375 2525 linge,
1397 2442 1480 2508 Her-

158 2550 478 2633 mannusDuulrering,
501 2550 667 2633 predictis
689 2555 795 2635 pueris
817 2554 1022 2637 fidejussores
1044 2554 1154 2618 statuti
1177 2552 1291 2618 dictam
1315 2571 1479 2617 annonam

158 2655 256 2723 solvere
289 2658 514 2742 promiserunt.
559 2659 703 2737 Quorum
737 2662 961 2745 fidejussorum
993 2662 1020 2726 si
1052 2662 1165 2744 aliquis
1198 2667 1342 2726 mortuus
1375 2661 1478 2740 luerit,

158 2761 216 2832 alius
245 2769 277 2833 in
311 2768 417 2833 locum
451 2768 568 2833 mortui
604 2768 797 2835 restituetur.
842 2770 935 2848 Quod
962 2772 989 2835 si
1010 2761 1110 2836 dictos
1132 2789 1225 2853 agros
1247 2773 1320 2852 post
1341 2772 1477 2834 mortem

157 2877 273 2950 predicte
296 2876 449 2961 Atheydis
482 2879 514 2942 in
547 2879 782 2961 possessionem
816 2879 889 2943 dicti
921 2878 1087 2961 hospitalis
1122 2879 1318 2961 contingeret
1348 2879 1478 2943 minime

157 2974 293 3064 tevenire,
316 2990 446 3050 centum
470 2989 502 3049 et
523 2986 582 3050 XX
605 3006 728 3052 marcas
750 2988 840 3069 pueri
863 2988 1009 3070 hospitali
1040 2988 1107 3052 sive
1129 3006 1240 3053 eorum
1261 2987 1478 3070 provisoribus

157 3095 299 3159 restituent
321 3097 355 3159 et
376 3095 513 3159 cessabit
533 3094 648 3160 solutio
670 3114 797 3160 annone
820 3096 926 3178 sepius
949 3094 1125 3161 nominate.
1155 3097 1190 3160 In
1213 3099 1302 3179 cujus
1324 3098 1369 3161 rei
1390 3097 1478 3161 testi-

157 3203 275 3268 nonum
310 3202 411 3285 sigilla
442 3205 552 3268 nostra
585 3203 786 3286 presentibus
821 3207 895 3268 sunt
925 3223 1077 3287 appensa.
1121 3205 1236 3269 Actum
1258 3204 1477 3288 Osenbrugge,
1528 3287 1531 3291 .

157 3321 218 3378 ttno
253 3311 380 3377 Domini
413 3310 734 3391 M⁰CC⁰LXXXXII⁰,
772 3312 849 3376 teria
882 3314 1023 3377 secunda
1055 3315 1129 3396 post
1162 3315 1358 3380 nativitatem
1391 3315 1477 3380 beati

157 3415 287 3484 ohannis
308 3419 448 3502 baptiste
470 3421 530 3484 sub
553 3419 699 3484 iohanne
732 3421 815 3486 dicto
837 3421 910 3485 Flos
929 3420 1036 3504 judice
1059 3426 1089 3485 et
1114 3472 1121 3486 .
1146 3472 1152 3485 .
1177 3423 1312 3486 scabinis
1340 3443 1476 3506 quorum

158 3540 194 3591 ec
214 3534 289 3594 sunt
310 3529 460 3594 uomina:
496 3528 682 3594 Wicboldus
705 3529 785 3593 tilius
808 3528 993 3607 Everhardi,
1026 3528 1182 3612 Lyborius
1204 3530 1245 3594 de
1267 3530 1478 3614 Ripinghove,

157 3623 341 3701 lennannus
362 3636 491 3718 Scacge,
525 3636 671 3702 Hinricus
694 3638 734 3702 de
755 3636 954 3715 Stenvordia,
982 3636 1129 3702 Hinricus
1152 3638 1192 3703 de
1215 3637 1344 3718 Bersen,
1367 3639 1478 3705 Thiet-

157 3753 242 3808 1arus
268 3744 438 3824 aurifaber,
482 3744 644 3810 lohannes
673 3747 714 3810 de
740 3745 840 3824 Melle,
885 3746 1094 3829 Engelbcrtus
1123 3746 1205 3827 Flos,
1248 3748 1410 3814 lohannes
1438 3751 1478 3815 de

157 3841 257 3933 'went
283 3852 463 3918 Wicbertus
484 3852 632 3937 Ellering,
653 3853 837 3919 Gerhardus
860 3855 901 3918 de
923 3854 1094 3938 Menslage.

259 3985 331 4053 ibat
354 3985 424 4064 crite
447 3987 553 4071 &teget
575 3987 608 4067 iit
631 3986 811 4072 ubgciattcn3
847 4007 887 4054 an
912 3989 1027 4072 amciter
1049 3988 1146 4056 &teile
1177 3989 1233 4056 but
1256 3988 1345 4074 grube
1368 3989 1477 4057 etate

157 4094 216 4180 aa
239 4096 296 4162 mit
317 4094 559 4180 idithidrmigcm
582 4095 743 4181 tlttidlieget
764 4095 880 4181 (liciti.
904 4096 946 4163 Θ.
971 4098 1021 4178 75,
1043 4099 1063 4162 6
1086 4097 1146 4165 aab
1169 4099 1220 4180 85,
1244 4098 1288 4183 6).

157 4379 203 4450 13.
225 4415 270 4429 -
293 4379 389 4460 1292,
412 4378 489 4458 {tuli
510 4381 561 4451 11.

301 4511 369 4580 tuat
391 4510 508 4593 illidito
529 4512 690 4597 Sebennei
713 4512 823 4582 blame
844 4531 878 4597 gu
899 4511 1073 4582 bannitur
1094 4513 1241 4594 betunbet,
1268 4512 1325 4594 but
1348 4514 1477 4599 brebie,

301 4621 350 4689 bie
372 4619 493 4689 uittae
515 4622 566 4688 bet
589 4620 723 4704 beiutidt
757 4641 816 4689 nou
839 4620 945 4702 buten,
981 4622 1042 4690 unt
1076 4623 1124 4706 ibt
1154 4624 1268 4707 gneiter
1290 4623 1392 4690 litam
1418 4623 1475 4704 So:

298 4729 418 4814 bonnet
439 4728 545 4798 butte
567 4731 635 4815 auci
657 4749 716 4798 uon
739 4729 872 4811 brioude
904 4749 963 4798 nou
986 4730 1082 4809 buten
1113 4731 1338 4814 bertariacum
1361 4730 1476 4812 iudaice

297 4837 335 4905 tn
356 4835 530 4906 Denabttd
551 4838 614 4906 bem
636 4839 737 4907 ttittet
760 4839 899 4922 tbitbetm
933 4858 990 4907 ern
1014 4840 1136 4926 brioga
1171 4839 1350 4925 uulgatuileu
1372 4841 1477 4925 buben,

297 4942 360 5026 tub
382 4944 500 5032 &upbit
522 4946 571 5031 iub
593 4945 647 5030 aut
668 4947 835 5033 bebenagctt
857 4948 912 5014 bue
936 4948 1023 5032 ttedt
1050 4949 1239 5036 cothebatten
1262 4952 1323 5036 bct,
1357 4951 1389 5017 iu
1411 4950 1476 5018 tou
