3210 5354
734 320 804 375 1282
1397 306 1441 372 29

210 485 387 553 Conradus
416 486 475 552 Dei
506 486 607 568 gratia
641 485 772 550 ecclesie
802 484 1059 566 osnaburgensis
1091 485 1259 568 episcopus
1292 486 1442 552 omnibus

165 594 330 677 scriptum
360 593 555 659 intuentibus
582 596 695 659 notum
724 611 796 657 esse
824 592 980 676 cupimus,
1013 593 1101 676 quod
1132 592 1235 658 abbas
1266 595 1299 658 et
1327 594 1441 660 fratres

157 701 280 786 :ampo
311 705 423 767 sancte
444 700 543 766 blarie
572 702 719 765 emerunt
745 718 765 764 a
787 699 958 783 Reynbero
981 701 1021 764 de
1043 700 1125 765 Alen
1158 720 1216 783 pro
1245 720 1302 765 ser
1333 702 1441 767 solidis
1557 743 1561 750 -

157 812 259 875 rer-ate
291 809 427 892 pecunie
459 827 567 874 casam
599 827 673 873 cum
706 807 771 871 suis
802 808 999 889 pertinentiis
1031 810 1125 873 sitam
1157 809 1189 873 in
1211 808 1378 875 Nutbrolrc
1408 812 1441 875 in

157 916 223 982 rba
243 915 412 982 Gutereslo
440 916 484 982 ad
505 934 582 981 usus
605 914 726 999 capelle
751 914 810 979 site
832 917 908 979 ante
929 919 1056 998 portam
1078 916 1262 981 monasterii
1284 917 1439 999 prelibati,

157 1024 313 1109 pensione
344 1023 428 1090 dicte
462 1042 536 1090 case
568 1022 675 1088 oblate
707 1022 814 1088 altaris
846 1026 878 1087 et
909 1022 1020 1088 vinum
1049 1024 1092 1089 ad
1125 1025 1353 1092 celebrandum
1383 1046 1441 1092 ne·

157 1134 229 1198 aria
249 1135 486 1215 comparentur.
529 1130 595 1195 Nos
617 1149 694 1194 vero
714 1130 918 1195 attendentes
941 1134 1007 1196 tam
1030 1133 1118 1214 pium
1140 1133 1259 1199 factum
1283 1134 1439 1200 decimam

159 1239 304 1323 predicta
336 1256 411 1304 casa
437 1238 481 1304 ad
508 1256 586 1302 usus
607 1236 748 1320 prefatos
770 1237 963 1302 conterimus
983 1237 1038 1302 tali
1060 1240 1249 1321 conditione,
1282 1261 1324 1307 ne
1357 1243 1441 1308 dicta

157 1347 217 1412 bna
241 1345 400 1430 aliquibus
430 1345 499 1410 aliis
530 1364 627 1427 quam
648 1343 797 1427 predictis
824 1344 944 1428 capelle
965 1344 1076 1409 usibus
1098 1346 1278 1429 deputetur.
1321 1349 1440 1414 Datum

157 1474 180 1521 o
199 1454 326 1522 Domini
345 1453 598 1521 M⁰CC⁰LXXX⁰
619 1451 771 1517 secundo.

217 1594 325 1680 sceqer
345 1613 415 1663 corn
437 1591 739 1678 bergomenttceifen
760 1592 936 1677 einsidlen.

157 2034 213 2063 .—
234 1998 423 2080 binarii,
446 1999 539 2070 1282

257 2153 374 2236 tlilqof
406 2152 529 2221 deutri
562 2170 621 2220 orn
652 2151 825 2219 Donotrttd
860 2150 1014 2233 oerlptidl
1047 2154 1112 2220 tem
1144 2154 1344 2237 ibomlopitel,
1382 2156 1438 2223 ten

258 2260 478 2340 blinileriolen
500 2260 562 2326 unt
585 2257 738 2340 &difien
759 2256 817 2338 tofi
840 2276 871 2325 er
892 2259 938 2325 tie
959 2259 1022 2323 450
1045 2258 1146 2340 illoti,
1176 2262 1277 2343 uelde
1299 2280 1331 2329 cr
1352 2263 1438 2345 tuto)

258 2367 548 2449 imbutoribus
571 2366 770 2452 tricipitem
798 2365 921 2451 esteten
952 2367 1012 2432 nub
1042 2365 1439 2453 ,senseresensere

258 2475 455 2559 nuenburg
487 2475 652 2542 cernentet
684 2474 746 2559 bot,
778 2474 823 2542 tei
856 2474 936 2555 ittet
969 2473 1149 2541 enentuetten
1171 2474 1374 2560 arcanum
1405 2478 1439 2543 in

258 2583 309 2650 bct
330 2581 477 2661 &cimici
498 2582 550 2649 tet
571 2581 741 2663 bombtde
773 2581 821 2648 ite
850 2600 902 2666 qur
924 2582 1217 2668 tbietetcrnetinnq
1249 2603 1307 2652 oon
1335 2584 1438 2667 tolet

258 2694 365 2773 qtttctn
387 2688 569 2774 bintetteqcr
591 2690 695 2757 nette.
733 2689 933 2771 ibrmlopitet,
954 2690 1191 2769 ibienssmonnen
1212 2694 1274 2759 unt
1298 2692 1438 2776 &disten

256 2798 361 2867 molen
383 2799 444 2879 ieie
465 2798 589 2882 clnciqc
611 2796 821 2881 {tenentum
842 2816 877 2881 pr
900 2799 1028 2866 nebeten
1049 2799 1181 2883 Bneden
1202 2800 1389 2885 rettintcrn.

354 2951 503 3024 Drinium:
523 2951 727 3024 &torrentilio
747 2953 849 3011 bruti:
869 2953 1116 3025 {intenderitis
1135 2953 1278 3025 blandiente
1292 2955 1337 3011 ter
1349 2954 1438 3012 &tobi

354 3038 515 3096 Dbuobrtd
532 3040 557 3107 1,
575 3038 626 3095 uir.
643 3040 688 3096 37.

218 3179 280 3245 Nos
314 3179 483 3246 Corradus
512 3181 569 3246 Dei
602 3179 704 3261 gratia
734 3179 990 3262 Osnaburgensis
1022 3179 1153 3245 ecclesie
1186 3181 1354 3265 episcopus
1387 3201 1437 3247 re·

157 3287 309 3361 lnoedmus
341 3291 453 3353 tenore
486 3288 681 3371 presentium
714 3288 840 3369 publice
872 3293 1098 3371 protestantes,
1132 3291 1220 3372 quod
1252 3291 1372 3356 dilectis
1404 3294 1438 3356 in

157 3391 218 3459 rislo
237 3396 375 3479 capitulo
396 3399 515 3475 nostro,
538 3395 794 3460 ministerialibus
812 3399 844 3461 et
856 3398 994 3462 scabinis
1008 3400 1125 3462 nostris
1137 3397 1438 3481 Osnaburgensibus

157 3501 292 3568 misimus
314 3507 347 3567 et
368 3503 570 3586 presentibus
591 3505 806 3586 promittimus
828 3504 892 3568 fide
914 3504 998 3580 data,
1026 3505 1114 3587 quod
1136 3504 1177 3569 de
1199 3504 1438 3587 quadringentis

159 3610 374 3693 quinquaginta
395 3610 509 3675 marcis
536 3612 741 3677 denariorum
770 3610 919 3693 legalium
946 3615 1147 3693 receptorum
1177 3608 1341 3691 debonis,
1373 3632 1437 3696 que

157 3716 251 3781 >udam
283 3717 326 3782 ad
361 3736 506 3782 mensam
539 3718 753 3802 episcopalem
786 3718 999 3802 pertinebant,
1040 3738 1100 3802 pro
1142 3720 1257 3802 quibus
1296 3723 1436 3785 castrum

157 3819 299 3908 teneborg
330 3844 416 3891 nunc
444 3825 536 3891 nobis
566 3831 599 3891 et
626 3830 735 3892 nostre
756 3827 888 3892 ecclesie
909 3827 1077 3908 obligatur,
1109 3846 1170 3892 nos
1192 3831 1224 3892 et
1243 3828 1344 3892 nostri
1365 3847 1438 3894 suc-

157 3945 231 3996 sores
263 3933 405 4016 episcopi
441 3953 477 3998 se
509 3935 690 3999 nullatenus
721 3935 940 4002 intromittent.
983 3936 1048 4001 Sed
1086 3938 1112 4000 si
1145 3934 1264 3999 dictum
1297 3938 1436 4000 castrum

157 4034 202 4102 imi
231 4039 438 4121 contingeret,
480 4042 612 4124 predicti
652 4043 772 4108 denarii
808 4044 841 4108 in
874 4043 1046 4108 armarium
1080 4047 1188 4109 nostre
1221 4043 1352 4109 ecclesie
1385 4064 1437 4109 re·

157 4151 256 4227 rentur,
288 4149 392 4214 donec
413 4148 556 4214 redditus
577 4150 675 4232 aliqui
696 4151 868 4217 redeuntes
889 4154 1040 4217 cedentes
1063 4152 1106 4217 ad
1127 4170 1272 4216 mensam
1294 4156 1436 4217 nostram

168 4253 287 4320 alterius
316 4256 411 4319 iuturi
441 4257 579 4340 episcopi
601 4277 674 4322 cum
706 4260 795 4324 dictis
823 4260 961 4325 denariis
987 4264 1223 4344 comparentur.
1266 4259 1334 4324 Nos
1360 4280 1436 4326 vero

157 4357 271 4442 itulum,
304 4363 524 4429 ministeriales
557 4369 590 4429 et
621 4367 740 4431 scabini
763 4368 1030 4449 Osnaburgenses
1063 4368 1268 4450 promisimus
1300 4370 1333 4431 et
1364 4387 1438 4450 pre-

157 4468 232 4536 bbns
264 4472 479 4555 promittimus
512 4474 575 4539 fide
607 4475 692 4555 data,
735 4475 822 4558 quod
863 4466 888 4539 si
921 4475 1112 4540 venerabilis
1149 4475 1297 4541 dominus
1329 4480 1438 4542 noster

157 4578 256 4645 radus
278 4581 447 4663 episcopus
468 4580 519 4646 vel
541 4583 735 4664 quicumque
756 4601 816 4664 pro
838 4586 983 4665 tempore
1005 4582 1099 4647 fuerit
1119 4582 1287 4665 episcopus
1305 4584 1436 4649 eosdem

157 4688 237 4752 turios
257 4689 291 4753 in
313 4707 391 4752 usus
412 4689 490 4753 alios
512 4689 607 4754 vellet
627 4694 824 4769 convertere,
855 4691 989 4755 invicem
1019 4690 1295 4756 commonebimus
1325 4695 1358 4756 et
1379 4712 1438 4758 ne-

157 4805 252 4873 rquam
274 4793 353 4860 illud
372 4792 441 4859 fleri
462 4795 693 4878 permittemus,
723 4797 781 4861 sed
807 4796 1048 4880 prohmebimw
1070 4814 1178 4848 “mm
1201 4804 1383 4866 nostrarum
1406 4807 1438 4867 et

157 4914 258 4978 porum
280 4905 350 4968 toto
370 4921 476 4985 posse.
498 4903 535 4968 ln
556 4905 646 4987 cujus
667 4906 712 4970 rei
729 4904 947 4971 testimouium
1247 4925 1299 4974 um
1320 4909 1439 4977 nodus
