3210 5354
727 326 798 381 1296
1367 309 1432 375 283

207 492 290 557 Vin’s
311 493 451 576 providis
483 496 516 559 et
548 493 689 559 honestis
713 542 720 557 .
744 544 751 559 .
774 493 912 559 scabinis
936 545 944 560 .
967 545 975 560 .
998 493 1180 559 consulibus
1214 495 1245 557 et
1279 491 1434 557 universis

153 619 202 665 rus
226 599 530 683 Osnaburgensibus
554 652 562 668 .
586 652 593 666 .
616 601 763 667 consules
785 604 817 665 et
838 601 1027 666 universitas
1054 601 1167 666 civium
1194 599 1433 665 Susaciensium

189 710 404 775 constantiam
438 728 511 775 cum
545 711 671 776 affectu.
714 709 844 773 Noverit
877 712 982 775 vestra
1008 707 1188 792 prudentia,
1224 707 1311 790 quod
1335 726 1434 790 super

153 815 278 882 tusciam
311 818 448 898 casibus,
482 836 563 901 quos
594 817 701 884 nuncii
733 818 832 883 nostri
865 836 969 900 nuper
990 818 1022 881 in
1044 817 1169 882 civitate
1190 815 1434 880 hlonasteriensi

153 945 192 990 un
216 925 306 990 robis
329 929 361 991 et
383 926 453 992 aliis
483 928 600 993 nostn's
622 927 731 992 amicis
762 930 872 992 contra
893 927 1069 1009 Lippenses
1097 923 1331 1009 proponebant,
1365 923 1433 989 dies

153 1033 189 1097 :iti
222 1036 271 1096 est
303 1037 477 1117 conceptus
510 1034 588 1100 teria
620 1038 736 1118 quarta
769 1038 844 1118 post
876 1035 1068 1100 dominicam
1098 1033 1210 1102 ludica
1231 1033 1379 1117 proxima
1400 1033 1433 1099 in

153 1141 203 1206 ido
236 1144 347 1208 nostro
381 1142 611 1207 observandus.
654 1142 796 1207 Petimus
829 1162 905 1226 ergo
938 1143 1123 1223 affectuose,
1156 1147 1192 1208 ut
1223 1143 1267 1209 ad
1294 1143 1433 1208 eundem

153 1250 295 1315 nbonos
330 1249 465 1315 nuncios
498 1253 620 1315 vestros
654 1250 828 1331 destinetis,
861 1255 896 1316 ut
929 1270 1040 1317 eorum
1063 1250 1195 1317 consilio
1218 1251 1380 1318 mediante
1401 1254 1434 1317 et

153 1362 213 1423 reto
236 1357 392 1442 quidquid
415 1360 462 1422 est
485 1359 659 1441 questionis
681 1359 951 1444 inter-Lippenses
968 1364 1000 1424 et
1010 1379 1070 1425 nos
1091 1361 1123 1424 in
1145 1364 1265 1426 statum
1287 1359 1432 1428 debitum

153 1469 211 1551 ‘jus
232 1467 282 1532 vel
303 1466 476 1532 amicitiam
497 1467 703 1533 reformetur.

192 1651 212 1716 ¹)
231 1647 297 1706 5ch
316 1647 423 1707 luctum
444 1648 542 1720 espirht
561 1647 607 1720 scd)
627 1653 681 1705 oud
701 1648 745 1705 bct
764 1648 887 1706 ttrturtbe
906 1656 968 1707 oum
988 1652 1029 1706 16.
1050 1650 1156 1722 ttugult
1177 1651 1256 1721 1296,
1274 1650 1324 1707 dtr.
1343 1650 1404 1706 462.

153 2003 222 2035 .-
245 1965 443 2053 dedentem,
465 1966 549 2038 1296
570 1967 696 2053 (1295),
717 1965 850 2047 hanuet
873 1966 923 2038 17.

250 2098 369 2182 ἑὸἰὶώοὶ
392 2097 515 2166 horrui
537 2116 598 2166 oon
619 2098 792 2167 ornentur
824 2098 961 2168 beluntct
993 2099 1048 2168 but
1083 2099 1214 2184 hettoni
1248 2100 1330 2168 eines
1364 2118 1432 2168 nom

252 2207 370 2289 (broten
401 2224 459 2274 nou
484 2205 626 2292 tttetbcrg
659 2206 869 2292 tehnrtthcigen
902 2208 997 2277 dtbce
1029 2209 1075 2278 tet
1097 2208 1302 2277 thictentrttd
1324 2207 1431 2290 lettere

253 2316 306 2383 bre
336 2314 533 2400 redenbcrget
555 2315 757 2401 ttrttgmorme
790 2316 933 2400 thithelm
966 2316 1053 2402 {trito
1088 2337 1129 2385 on
1162 2318 1218 2385 boe
1247 2317 1368 2400 ttcpttet
1400 2317 1434 2384 tn

251 2424 456 2493 atterentur
488 2425 549 2493 unt
584 2425 736 2509 tttcrtttgt
772 2426 836 2493 tem
859 2425 979 2508 liopttet
1014 2427 1071 2494 bot
1094 2426 1275 2511 dicentium
1298 2426 1350 2493 bet
1372 2425 1433 2509 ihm

252 2532 438 2617 gultehenten
459 2533 611 2619 Bethlem
645 2532 747 2614 etento
778 2534 828 2603 ber
858 2534 940 2616 (drot
966 2532 1088 2602 &octob
1122 2553 1181 2603 non
1203 2533 1344 2619 tttetbcrg
1375 2534 1433 2600 bot

231 2640 433 2726 ‘digenthum
455 2641 508 2710 bet
531 2641 635 2710 detra.

351 2773 483 2846 Drtgtrmt
502 2777 578 2847 (glori
597 2774 835 2847 ttusstetttgrmgcn
854 2777 889 2843 A,
907 2778 961 2844 B):
982 2775 1177 2846 &tcotssordttb
1196 2775 1331 2847 litttnltrt.

212 2891 381 2959 Conradus
402 2893 460 2959 Dei
493 2895 594 2976 gratia
627 2893 885 2976 osnaburgensis
919 2893 1050 2959 ecclesie
1083 2893 1251 2976 episcopus
1284 2892 1433 2958 omnibus

153 3000 245 3066 entia
267 3001 381 3066 eburis
413 3021 452 3068 ac
483 3003 637 3068 audituris
670 3003 807 3068 salutem
829 3002 862 3066 in
883 3001 1021 3068 Domino
1043 3001 1281 3084 sempiternam.
1324 3001 1373 3067 Ne
1395 3018 1432 3067 ea

172 3111 325 3190 geruntur
346 3109 380 3175 in
401 3116 547 3195 tempore
580 3111 674 3176 simul
707 3130 780 3176 cum
813 3114 959 3194 tempore
981 3109 1131 3175 labantur
1153 3111 1185 3174 et
1206 3107 1323 3174 oblivio
1344 3110 1432 3193 pacis

153 3216 194 3282 ile
214 3219 273 3283 rite
295 3219 393 3301 gestis
414 3219 543 3284 inducat
566 3237 717 3299 errorem,
749 3220 825 3303 poni
848 3217 951 3284 solent
972 3219 1005 3282 in
1027 3235 1083 3282 ore
1111 3216 1240 3282 testium
1262 3216 1312 3282 vel
1334 3217 1432 3301 scrip·

153 3342 168 3387 t.
208 3324 291 3391 Hinc
314 3328 361 3391 est
385 3327 471 3409 quod
505 3345 565 3392 nos
598 3328 752 3392 universis
783 3330 852 3392 tam
881 3326 1083 3411 presentibus
1105 3344 1204 3409 quam
1226 3325 1340 3392 futuris
1361 3347 1435 3411 pre·

153 3435 193 3499 tes
213 3433 335 3514 litteras
358 3435 548 3517 inspecturis
570 3435 716 3518 cupimus
737 3438 851 3501 notum
869 3455 940 3500 esse
952 3435 1078 3518 publice
1099 3437 1325 3517 protestantes,
1348 3436 1436 3519 quod

153 3542 377 3609 rhonorabilis
400 3543 447 3608 vir
468 3542 658 3609 Wilhelmus
679 3545 769 3609 miles
792 3544 894 3609 dictus
916 3544 1005 3609 Friso
1027 3544 1196 3608 castrensis
1218 3545 1250 3608 in
1272 3545 1435 3611 Rideken·

153 3651 218 3737 ge⁸)
240 3651 374 3718 domum
397 3651 515 3717 dictam
538 3651 705 3738 Velthusl)
727 3654 821 3718 sitam
841 3654 932 3736 juxta
967 3650 1099 3733 opidum
1133 3654 1278 3717 nostrum
1301 3651 1433 3718 Widen·

154 3778 204 3842 ege
224 3781 245 3826 a
267 3760 366 3826 nobili
388 3762 456 3827 viro
477 3762 609 3828 domino
626 3760 775 3827 Conrado
798 3759 913 3826 comite
927 3759 967 3824 de
979 3757 1143 3825 Relberch
1165 3764 1303 3843 cognato
1325 3765 1434 3827 nostro

153 3869 293 3936 {feodali
315 3869 494 3954 possideret
516 3873 547 3935 et
568 3870 690 3935 tructus
712 3869 834 3935 decime
859 3867 1003 3953 ejusdem
1026 3868 1142 3933 domus
1160 3868 1254 3933 nobis
1276 3872 1306 3933 el
1327 3872 1437 3935 nostre

153 3973 217 4043 lesie
250 3979 434 4057 attinerent,
468 3978 553 4043 idem
585 3976 776 4043 Wilhelmus
809 3977 900 4041 miles
933 3976 1035 4058 ipsam
1069 3974 1201 4041 domum
1236 3995 1309 4042 cum
1340 3977 1437 4061 agris,

153 4080 183 4163 is,
202 4085 311 4169 pratis,
333 4087 470 4169 pascuis,
493 4085 688 4165 nemoribus,
711 4087 802 4151 terris
825 4085 916 4151 cultis
940 4088 971 4149 et
992 4083 1116 4149 incultis
1138 4102 1177 4149 ac
1198 4084 1266 4149 aliis
1286 4086 1435 4152 omnibus

153 4207 158 4252 r
176 4194 345 4259 attinentiis
368 4194 508 4259 vendidit
523 4193 764 4260 honorabilibus
780 4193 853 4257 viris
874 4192 1012 4258 dominis
1036 4242 1043 4256 .
1069 4241 1075 4255 .
1099 4191 1223 4257 decano
1245 4196 1277 4258 et
1298 4194 1435 4277 capitulo

153 4294 216 4365 lesie
227 4298 532 4383 Widenbrucgensis
547 4320 606 4385 pro
619 4302 784 4383 sexaginta
801 4303 923 4384 septem
943 4301 1057 4366 marcis
1069 4299 1231 4365 bonorum
1244 4305 1276 4365 et
1286 4300 1435 4383 legalium

153 4406 291 4473 anorum
313 4407 347 4473 in
362 4407 599 4492 Widenbrucge
621 4411 814 4477 currentium
837 4410 972 4493 pecunie
995 4409 1054 4474 sibi
1072 4410 1142 4492 jam
1163 4406 1280 4473 tradite
1302 4411 1334 4473 et
1355 4408 1437 4474 inte·

153 4509 212 4580 liter
231 4514 396 4599 persolute
419 4519 452 4582 et
472 4517 534 4582 hoc
556 4515 596 4581 de
618 4519 779 4583 communi
802 4537 961 4584 consensu
984 4522 1016 4582 et
1036 4516 1124 4583 bona
1144 4514 1307 4581 voluntate
1326 4516 1436 4582 Mech-

153 4618 299 4689 isuxoris
320 4643 387 4702 sue,
421 4625 605 4705 Everhardi,
638 4625 824 4706 Frankonis,
859 4626 1020 4692 Wilhelmi
1043 4628 1078 4690 et
1099 4624 1266 4690 Giselberti
1288 4625 1435 4706 filiorum,

153 4729 225 4811 eruis,
246 4731 423 4801 Mechtildis
434 4736 467 4799 et
481 4735 613 4816 Agnetis
624 4734 757 4799 tiliarum
771 4737 803 4798 et
818 4735 964 4799 omnium
977 4733 1112 4799 aliorum
1134 4732 1289 4799 heredum
1303 4719 1435 4800 suorum
1550 4820 1557 4833 Φ

153 4839 278 4906 iuncum
310 4859 371 4925 pro
404 4859 439 4906 se
475 4843 506 4904 et
538 4841 603 4906 suis
631 4839 804 4906 heredibus
825 4840 973 4924 predictis
995 4841 1082 4907 omni
1108 4841 1180 4926 juri,
1213 4841 1300 4924 quod
1321 4841 1382 4909 sibi
1403 4846 1436 4908 et

153 4940 210 5012 lem
229 4947 404 5016 heredibus
425 4947 491 5014 suis
514 4950 666 5032 competit
687 4949 729 5016 ad
751 4968 884 5032 presens
907 4949 938 5014 in
960 4949 1058 5016 domo
1076 4951 1145 5034 jam
1167 4949 1251 5016 dicta
1272 4949 1322 5017 rel
1344 4968 1435 5018 com-
