<?xml version="1.0" encoding="UTF-8"?>
<!DOCTYPE html PUBLIC "-//W3C//DTD XHTML 1.0 Transitional//EN"
    "http://www.w3.org/TR/xhtml1/DTD/xhtml1-transitional.dtd">
<html xmlns="http://www.w3.org/1999/xhtml" xml:lang="en" lang="en">
 <head>
  <title>
</title>
<meta http-equiv="Content-Type" content="text/html;charset=utf-8" />
  <meta name='ocr-system' content='tesseract 3.04.00' />
  <meta name='ocr-capabilities' content='ocr_page ocr_carea ocr_par ocr_line ocrx_word'/>
</head>
<body>
  <div class='ocr_page' id='page_1' title='image "./osnabrckerurkun01brgoog/osnabrckerurkun01brgoog_0347.png"; bbox 0 0 3210 5354; ppageno 0'>
   <div class='ocr_carea' id='block_1_1' title="bbox 764 265 1467 343">
    <p class='ocr_par' dir='ltr' id='par_1_1' title="bbox 764 265 1467 343">
     <span class='ocr_line' id='line_1_1' title="bbox 764 265 1467 343; baseline -0.02 0"><span class='ocrx_word' id='word_1_1' title='bbox 764 287 833 343; x_wconf 80' lang='lat'><strong>1298</strong></span> <span class='ocrx_word' id='word_1_2' title='bbox 1403 265 1467 330; x_wconf 82' lang='grc'>327</span> 
     </span>
    </p>
   </div>
   <div class='ocr_carea' id='block_1_2' title="bbox 180 448 1469 762">
    <p class='ocr_par' dir='ltr' id='par_1_2' title="bbox 180 448 1469 762">
     <span class='ocr_line' id='line_1_2' title="bbox 289 448 1469 541; baseline -0.007 -17"><span class='ocrx_word' id='word_1_3' title='bbox 289 457 351 524; x_wconf 82' lang='lat' dir='ltr'>urb</span> <span class='ocrx_word' id='word_1_4' title='bbox 374 456 425 525; x_wconf 82' lang='lat' dir='ltr'>ber</span> <span class='ocrx_word' id='word_1_5' title='bbox 446 455 559 525; x_wconf 80' lang='lat' dir='ltr'>titubet</span> <span class='ocrx_word' id='word_1_6' title='bbox 581 457 633 526; x_wconf 79' lang='lat' dir='ltr'>bes</span> <span class='ocrx_word' id='word_1_7' title='bbox 655 455 805 541; x_wconf 74' lang='lat' dir='ltr'>anappen</span> <span class='ocrx_word' id='word_1_8' title='bbox 828 453 963 537; x_wconf 72' lang='lat' dir='ltr'>beinnd</span> <span class='ocrx_word' id='word_1_9' title='bbox 986 452 1086 522; x_wconf 72' lang='lat' dir='ltr'>blood</span> <span class='ocrx_word' id='word_1_10' title='bbox 1109 452 1164 536; x_wconf 76' lang='lat' dir='ltr'>oui</span> <span class='ocrx_word' id='word_1_11' title='bbox 1196 450 1332 519; x_wconf 76' lang='lat' dir='ltr'>oleron</span> <span class='ocrx_word' id='word_1_12' title='bbox 1355 448 1469 528; x_wconf 65' lang='lat' dir='ltr'>diriter</span> 
     </span>
     <span class='ocr_line' id='line_1_3' title="bbox 180 556 1469 657; baseline -0.007 -23"><span class='ocrx_word' id='word_1_13' title='bbox 180 653 183 657; x_wconf 18' lang='grc' dir='ltr'>Ι</span> <span class='ocrx_word' id='word_1_14' title='bbox 290 583 392 652; x_wconf 75' lang='lat' dir='ltr'>magen</span> <span class='ocrx_word' id='word_1_15' title='bbox 414 565 539 651; x_wconf 65' lang='lat' dir='ltr'>gerarte</span> <span class='ocrx_word' id='word_1_16' title='bbox 563 567 772 652; x_wconf 68' lang='lat' dir='ltr'>nrgcgogenen</span> <span class='ocrx_word' id='word_1_17' title='bbox 795 563 962 644; x_wconf 72' lang='lat' dir='ltr'>biblium</span> <span class='ocrx_word' id='word_1_18' title='bbox 983 580 1018 646; x_wconf 66' lang='lat' dir='ltr'>gu</span> <span class='ocrx_word' id='word_1_19' title='bbox 1041 558 1179 644; x_wconf 59' lang='lat' dir='ltr'>&amp;ciborii</span> <span class='ocrx_word' id='word_1_20' title='bbox 1200 559 1261 628; x_wconf 83' lang='lat' dir='ltr'>unt</span> <span class='ocrx_word' id='word_1_21' title='bbox 1284 556 1469 641; x_wconf 64' lang='lat' dir='ltr'>bidentat</span> 
     </span>
     <span class='ocr_line' id='line_1_4' title="bbox 292 666 1235 762; baseline -0.008 -21"><span class='ocrx_word' id='word_1_22' title='bbox 292 673 349 758; x_wconf 77' lang='lat' dir='ltr'>cut</span> <span class='ocrx_word' id='word_1_23' title='bbox 369 675 471 756; x_wconf 77' lang='lat' dir='ltr'>uelde</span> <span class='ocrx_word' id='word_1_24' title='bbox 493 676 557 759; x_wconf 77' lang='lat' dir='ltr'>ime</span> <span class='ocrx_word' id='word_1_25' title='bbox 579 693 681 762; x_wconf 78' lang='lat' dir='ltr'>orgen</span> <span class='ocrx_word' id='word_1_26' title='bbox 702 681 753 743; x_wconf 82' lang='lat' dir='ltr'>ber</span> <span class='ocrx_word' id='word_1_27' title='bbox 775 673 898 758; x_wconf 76' lang='lat' dir='ltr'>ittitgitt</span> <span class='ocrx_word' id='word_1_28' title='bbox 920 666 1101 753; x_wconf 76' lang='lat' dir='ltr'>organistro</span> <span class='ocrx_word' id='word_1_29' title='bbox 1122 685 1235 735; x_wconf 82' lang='lat' dir='ltr'>nater.</span> 
     </span>
    </p>
   </div>
   <div class='ocr_carea' id='block_1_3' title="bbox 388 805 1044 880">
    <p class='ocr_par' dir='ltr' id='par_1_3' title="bbox 388 805 1044 880">
     <span class='ocr_line' id='line_1_5' title="bbox 388 805 1044 880; baseline 0.003 -16"><span class='ocrx_word' id='word_1_30' title='bbox 388 806 520 880; x_wconf 58' lang='lat' dir='ltr'>dtinuit</span> <span class='ocrx_word' id='word_1_31' title='bbox 538 807 586 865; x_wconf 72' lang='lat' dir='ltr'>beo</span> <span class='ocrx_word' id='word_1_32' title='bbox 606 809 648 864; x_wconf 87' lang='lat'>14.</span> <span class='ocrx_word' id='word_1_33' title='bbox 665 806 768 880; x_wconf 57' lang='lat' dir='ltr'>aobrb.</span> <span class='ocrx_word' id='word_1_34' title='bbox 788 808 816 864; x_wconf 86' lang='lat' dir='ltr'>in</span> <span class='ocrx_word' id='word_1_35' title='bbox 836 805 905 876; x_wconf 71' lang='lat' dir='ltr'>litte.</span> <span class='ocrx_word' id='word_1_36' title='bbox 923 805 984 874; x_wconf 67' lang='grc'>169,</span> <span class='ocrx_word' id='word_1_37' title='bbox 1001 811 1044 865; x_wconf 88' lang='lat'>31.</span> 
     </span>
    </p>
   </div>
   <div class='ocr_carea' id='block_1_4' title="bbox 152 924 1471 4585">
    <p class='ocr_par' dir='ltr' id='par_1_4' title="bbox 152 924 1471 4585">
     <span class='ocr_line' id='line_1_6' title="bbox 248 924 1470 1010; baseline -0.003 -18"><span class='ocrx_word' id='word_1_38' title='bbox 248 926 317 993; x_wconf 89' lang='lat' dir='ltr'>Nos</span> <span class='ocrx_word' id='word_1_39' title='bbox 330 926 445 993; x_wconf 89' lang='lat' dir='ltr'>Petrus</span> <span class='ocrx_word' id='word_1_40' title='bbox 464 927 522 993; x_wconf 87' lang='lat' dir='ltr'>Dei</span> <span class='ocrx_word' id='word_1_41' title='bbox 543 928 645 1010; x_wconf 87' lang='lat' dir='ltr'>gratia</span> <span class='ocrx_word' id='word_1_42' title='bbox 666 928 770 993; x_wconf 88' lang='lat' dir='ltr'>abbas</span> <span class='ocrx_word' id='word_1_43' title='bbox 791 927 978 992; x_wconf 88' lang='lat' dir='ltr'>monasterii</span> <span class='ocrx_word' id='word_1_44' title='bbox 1000 927 1100 992; x_wconf 89' lang='lat' dir='ltr'>sancti</span> <span class='ocrx_word' id='word_1_45' title='bbox 1116 924 1289 992; x_wconf 87' lang='lat' dir='ltr'>Clementis</span> <span class='ocrx_word' id='word_1_46' title='bbox 1312 925 1344 989; x_wconf 91' lang='lat' dir='ltr'>in</span> <span class='ocrx_word' id='word_1_47' title='bbox 1361 924 1470 1007; x_wconf 90' lang='lat' dir='ltr'>Yburg</span> 
     </span>
     <span class='ocr_line' id='line_1_7' title="bbox 154 1033 1469 1118; baseline -0.004 -16"><span class='ocrx_word' id='word_1_48' title='bbox 154 1036 242 1102; x_wconf 76' lang='lat' dir='ltr'>’diuis</span> <span class='ocrx_word' id='word_1_49' title='bbox 275 1037 376 1100; x_wconf 90' lang='lat' dir='ltr'>sancti</span> <span class='ocrx_word' id='word_1_50' title='bbox 410 1035 573 1102; x_wconf 76' lang='lat' dir='ltr'>Benedicti</span> <span class='ocrx_word' id='word_1_51' title='bbox 606 1035 862 1118; x_wconf 89' lang='lat' dir='ltr'>Osnaburgensis</span> <span class='ocrx_word' id='word_1_52' title='bbox 903 1036 1037 1101; x_wconf 89' lang='lat' dir='ltr'>diocesis</span> <span class='ocrx_word' id='word_1_53' title='bbox 1073 1039 1185 1101; x_wconf 90' lang='lat' dir='ltr'>notum</span> <span class='ocrx_word' id='word_1_54' title='bbox 1221 1054 1291 1100; x_wconf 91' lang='lat' dir='ltr'>esse</span> <span class='ocrx_word' id='word_1_55' title='bbox 1322 1033 1469 1099; x_wconf 89' lang='lat' dir='ltr'>volumus</span> 
     </span>
     <span class='ocr_line' id='line_1_8' title="bbox 154 1141 1469 1226; baseline -0.002 -19"><span class='ocrx_word' id='word_1_56' title='bbox 154 1141 290 1222; x_wconf 82' lang='lat' dir='ltr'>riversis,</span> <span class='ocrx_word' id='word_1_57' title='bbox 335 1144 422 1226; x_wconf 89' lang='lat' dir='ltr'>quod</span> <span class='ocrx_word' id='word_1_58' title='bbox 455 1162 528 1209; x_wconf 91' lang='lat' dir='ltr'>cum</span> <span class='ocrx_word' id='word_1_59' title='bbox 561 1144 728 1210; x_wconf 88' lang='lat' dir='ltr'>Rolandus</span> <span class='ocrx_word' id='word_1_60' title='bbox 762 1143 864 1209; x_wconf 93' lang='lat' dir='ltr'>dictus</span> <span class='ocrx_word' id='word_1_61' title='bbox 897 1145 938 1209; x_wconf 90' lang='lat' dir='ltr'>de</span> <span class='ocrx_word' id='word_1_62' title='bbox 970 1144 1155 1210; x_wconf 86' lang='lat' dir='ltr'>Horekoten</span> <span class='ocrx_word' id='word_1_63' title='bbox 1197 1143 1282 1208; x_wconf 92' lang='lat' dir='ltr'>bone</span> <span class='ocrx_word' id='word_1_64' title='bbox 1314 1141 1469 1207; x_wconf 84' lang='lat' dir='ltr'>memorie</span> 
     </span>
     <span class='ocr_line' id='line_1_9' title="bbox 155 1250 1469 1334; baseline -0.001 -19"><span class='ocrx_word' id='word_1_65' title='bbox 155 1251 262 1316; x_wconf 90' lang='lat' dir='ltr'>mulus</span> <span class='ocrx_word' id='word_1_66' title='bbox 295 1252 459 1334; x_wconf 85' lang='lat' dir='ltr'>quondam</span> <span class='ocrx_word' id='word_1_67' title='bbox 493 1252 535 1317; x_wconf 89' lang='lat' dir='ltr'>ab</span> <span class='ocrx_word' id='word_1_68' title='bbox 569 1253 824 1319; x_wconf 78' lang='lat' dir='ltr'>antecessoribus</span> <span class='ocrx_word' id='word_1_69' title='bbox 858 1253 974 1318; x_wconf 89' lang='lat' dir='ltr'>nostris</span> <span class='ocrx_word' id='word_1_70' title='bbox 998 1303 1004 1317; x_wconf 95' lang='lat'>.</span> <span class='ocrx_word' id='word_1_71' title='bbox 1030 1251 1230 1318; x_wconf 78' lang='lat' dir='ltr'>,abbatibus</span> <span class='ocrx_word' id='word_1_72' title='bbox 1252 1252 1284 1316; x_wconf 93' lang='lat' dir='ltr'>in</span> <span class='ocrx_word' id='word_1_73' title='bbox 1306 1250 1416 1332; x_wconf 89' lang='lat' dir='ltr'>Yburg</span> <span class='ocrx_word' id='word_1_74' title='bbox 1438 1253 1469 1314; x_wconf 90' lang='lat' dir='ltr'>et</span> 
     </span>
     <span class='ocr_line' id='line_1_10' title="bbox 163 1358 1469 1445; baseline -0.002 -20"><span class='ocrx_word' id='word_1_75' title='bbox 163 1359 258 1427; x_wconf 78' lang='lat' dir='ltr'>noble</span> <span class='ocrx_word' id='word_1_76' title='bbox 280 1360 361 1425; x_wconf 86' lang='lat' dir='ltr'>duas</span> <span class='ocrx_word' id='word_1_77' title='bbox 383 1360 498 1429; x_wconf 88' lang='lat' dir='ltr'>domos</span> <span class='ocrx_word' id='word_1_78' title='bbox 519 1361 665 1428; x_wconf 83' lang='lat' dir='ltr'>videlicet</span> <span class='ocrx_word' id='word_1_79' title='bbox 687 1379 785 1426; x_wconf 88' lang='lat' dir='ltr'>unam</span> <span class='ocrx_word' id='word_1_80' title='bbox 808 1360 839 1426; x_wconf 90' lang='lat' dir='ltr'>in</span> <span class='ocrx_word' id='word_1_81' title='bbox 862 1359 1061 1445; x_wconf 81' lang='lat' dir='ltr'>Seleborst1)</span> <span class='ocrx_word' id='word_1_82' title='bbox 1094 1364 1126 1425; x_wconf 91' lang='lat' dir='ltr'>et</span> <span class='ocrx_word' id='word_1_83' title='bbox 1156 1378 1253 1425; x_wconf 89' lang='lat' dir='ltr'>unam</span> <span class='ocrx_word' id='word_1_84' title='bbox 1277 1359 1308 1423; x_wconf 86' lang='lat' dir='ltr'>tn</span> <span class='ocrx_word' id='word_1_85' title='bbox 1331 1358 1469 1423; x_wconf 88' lang='lat' dir='ltr'>Asscen·</span> 
     </span>
     <span class='ocr_line' id='line_1_11' title="bbox 154 1466 1469 1555; baseline -0.003 -21"><span class='ocrx_word' id='word_1_86' title='bbox 154 1468 265 1555; x_wconf 79' lang='lat' dir='ltr'>orpe&#39;)</span> <span class='ocrx_word' id='word_1_87' title='bbox 298 1469 374 1533; x_wconf 88' lang='lat' dir='ltr'>sitas</span> <span class='ocrx_word' id='word_1_88' title='bbox 407 1469 439 1534; x_wconf 90' lang='lat' dir='ltr'>in</span> <span class='ocrx_word' id='word_1_89' title='bbox 461 1469 587 1535; x_wconf 89' lang='lat' dir='ltr'>duabus</span> <span class='ocrx_word' id='word_1_90' title='bbox 621 1468 795 1552; x_wconf 89' lang='lat' dir='ltr'>parrochiis</span> <span class='ocrx_word' id='word_1_91' title='bbox 822 1469 854 1533; x_wconf 89' lang='lat' dir='ltr'>in</span> <span class='ocrx_word' id='word_1_92' title='bbox 877 1468 1039 1534; x_wconf 86' lang='lat' dir='ltr'>Versmcle</span> <span class='ocrx_word' id='word_1_93' title='bbox 1072 1467 1218 1534; x_wconf 88' lang='lat' dir='ltr'>videlicet</span> <span class='ocrx_word' id='word_1_94' title='bbox 1238 1472 1271 1533; x_wconf 91' lang='lat' dir='ltr'>et</span> <span class='ocrx_word' id='word_1_95' title='bbox 1292 1469 1324 1533; x_wconf 91' lang='lat' dir='ltr'>iu</span> <span class='ocrx_word' id='word_1_96' title='bbox 1345 1466 1469 1533; x_wconf 85' lang='lat' dir='ltr'>Lodere</span> 
     </span>
     <span class='ocr_line' id='line_1_12' title="bbox 154 1575 1468 1661; baseline 0 -20"><span class='ocrx_word' id='word_1_97' title='bbox 154 1576 380 1660; x_wconf 85' lang='lat' dir='ltr'>snaburgensis</span> <span class='ocrx_word' id='word_1_98' title='bbox 403 1577 535 1645; x_wconf 91' lang='lat' dir='ltr'>diosesis</span> <span class='ocrx_word' id='word_1_99' title='bbox 553 1579 625 1661; x_wconf 88' lang='lat' dir='ltr'>jure</span> <span class='ocrx_word' id='word_1_100' title='bbox 648 1576 732 1643; x_wconf 86' lang='lat' dir='ltr'>leodi</span> <span class='ocrx_word' id='word_1_101' title='bbox 754 1576 920 1658; x_wconf 83' lang='lat' dir='ltr'>detineret,</span> <span class='ocrx_word' id='word_1_102' title='bbox 942 1577 1028 1644; x_wconf 91' lang='lat' dir='ltr'>idem</span> <span class='ocrx_word' id='word_1_103' title='bbox 1045 1577 1323 1643; x_wconf 87' lang='lat' dir='ltr'>Rolandusunam</span> <span class='ocrx_word' id='word_1_104' title='bbox 1345 1575 1468 1641; x_wconf 86' lang='lat' dir='ltr'>illarum</span> 
     </span>
     <span class='ocr_line' id='line_1_13' title="bbox 154 1684 1469 1771; baseline 0.002 -20"><span class='ocrx_word' id='word_1_105' title='bbox 154 1684 269 1751; x_wconf 84' lang='lat' dir='ltr'>debcct</span> <span class='ocrx_word' id='word_1_106' title='bbox 300 1686 332 1751; x_wconf 92' lang='lat' dir='ltr'>in</span> <span class='ocrx_word' id='word_1_107' title='bbox 364 1685 527 1753; x_wconf 89' lang='lat' dir='ltr'>Selehorst</span> <span class='ocrx_word' id='word_1_108' title='bbox 558 1705 630 1751; x_wconf 93' lang='lat' dir='ltr'>cum</span> <span class='ocrx_word' id='word_1_109' title='bbox 653 1704 811 1751; x_wconf 89' lang='lat' dir='ltr'>consensu</span> <span class='ocrx_word' id='word_1_110' title='bbox 833 1689 1072 1753; x_wconf 88' lang='lat' dir='ltr'>antecessorum</span> <span class='ocrx_word' id='word_1_111' title='bbox 1094 1685 1263 1771; x_wconf 80' lang='lat' dir='ltr'>suorum⁸)</span> <span class='ocrx_word' id='word_1_112' title='bbox 1294 1688 1327 1751; x_wconf 91' lang='lat' dir='ltr'>et</span> <span class='ocrx_word' id='word_1_113' title='bbox 1357 1689 1469 1753; x_wconf 87' lang='lat' dir='ltr'>nostro</span> 
     </span>
     <span class='ocr_line' id='line_1_14' title="bbox 154 1794 1469 1880; baseline 0 -22"><span class='ocrx_word' id='word_1_114' title='bbox 154 1794 276 1859; x_wconf 87' lang='lat' dir='ltr'>ozwino</span> <span class='ocrx_word' id='word_1_115' title='bbox 308 1794 392 1861; x_wconf 90' lang='lat' dir='ltr'>dicto</span> <span class='ocrx_word' id='word_1_116' title='bbox 425 1795 466 1859; x_wconf 87' lang='lat' dir='ltr'>de</span> <span class='ocrx_word' id='word_1_117' title='bbox 489 1794 675 1860; x_wconf 85' lang='lat' dir='ltr'>Osterwcde</span> <span class='ocrx_word' id='word_1_118' title='bbox 710 1794 828 1860; x_wconf 80' lang='lat' dir='ltr'>famulo</span> <span class='ocrx_word' id='word_1_119' title='bbox 850 1797 956 1878; x_wconf 83' lang='lat' dir='ltr'>posuit</span> <span class='ocrx_word' id='word_1_120' title='bbox 980 1796 1012 1860; x_wconf 93' lang='lat' dir='ltr'>in</span> <span class='ocrx_word' id='word_1_121' title='bbox 1033 1796 1175 1880; x_wconf 84' lang='lat' dir='ltr'>pignore,</span> <span class='ocrx_word' id='word_1_122' title='bbox 1208 1815 1305 1878; x_wconf 87' lang='lat' dir='ltr'>quam</span> <span class='ocrx_word' id='word_1_123' title='bbox 1336 1796 1469 1861; x_wconf 90' lang='lat' dir='ltr'>domum</span> 
     </span>
     <span class='ocr_line' id='line_1_15' title="bbox 153 1900 1471 1969; baseline 0.001 -3"><span class='ocrx_word' id='word_1_124' title='bbox 153 1902 228 1967; x_wconf 83' lang='lat' dir='ltr'>lctus</span> <span class='ocrx_word' id='word_1_125' title='bbox 248 1900 417 1967; x_wconf 85' lang='lat' dir='ltr'>GozwInus</span> <span class='ocrx_word' id='word_1_126' title='bbox 459 1902 718 1968; x_wconf 77' lang='lat' dir='ltr'>antecessoribus</span> <span class='ocrx_word' id='word_1_127' title='bbox 762 1903 879 1967; x_wconf 89' lang='lat' dir='ltr'>nostris</span> <span class='ocrx_word' id='word_1_128' title='bbox 914 1906 946 1966; x_wconf 91' lang='lat' dir='ltr'>et</span> <span class='ocrx_word' id='word_1_129' title='bbox 978 1903 1071 1968; x_wconf 89' lang='lat' dir='ltr'>nobis</span> <span class='ocrx_word' id='word_1_130' title='bbox 1104 1923 1169 1969; x_wconf 89' lang='lat' dir='ltr'>non</span> <span class='ocrx_word' id='word_1_131' title='bbox 1199 1903 1471 1969; x_wconf 70' lang='lat' dir='ltr'>consentientibus</span> 
     </span>
     <span class='ocr_line' id='line_1_16' title="bbox 153 2009 1470 2094; baseline 0.001 -20"><span class='ocrx_word' id='word_1_132' title='bbox 153 2013 237 2075; x_wconf 85' lang='lat' dir='ltr'>ostea</span> <span class='ocrx_word' id='word_1_133' title='bbox 257 2009 393 2093; x_wconf 84' lang='lat' dir='ltr'>Iohanni</span> <span class='ocrx_word' id='word_1_134' title='bbox 416 2010 748 2094; x_wconf 59' lang='lat' dir='ltr'>dictoscererebcivi</span> <span class='ocrx_word' id='word_1_135' title='bbox 761 2010 1012 2092; x_wconf 88' lang='lat' dir='ltr'>Osnaburgensi,</span> <span class='ocrx_word' id='word_1_136' title='bbox 1035 2031 1109 2077; x_wconf 88' lang='lat' dir='ltr'>cum</span> <span class='ocrx_word' id='word_1_137' title='bbox 1132 2012 1236 2077; x_wconf 86' lang='lat' dir='ltr'>eidem</span> <span class='ocrx_word' id='word_1_138' title='bbox 1257 2031 1349 2078; x_wconf 91' lang='lat' dir='ltr'>suam</span> <span class='ocrx_word' id='word_1_139' title='bbox 1371 2012 1470 2077; x_wconf 87' lang='lat' dir='ltr'>tiliam</span> 
     </span>
     <span class='ocr_line' id='line_1_17' title="bbox 153 2117 1468 2203; baseline -0.001 -18"><span class='ocrx_word' id='word_1_140' title='bbox 153 2123 344 2203; x_wconf 82' lang='lat' dir='ltr'>esponsaret,</span> <span class='ocrx_word' id='word_1_141' title='bbox 379 2119 486 2203; x_wconf 87' lang='lat' dir='ltr'>posuit</span> <span class='ocrx_word' id='word_1_142' title='bbox 518 2120 550 2185; x_wconf 92' lang='lat' dir='ltr'>in</span> <span class='ocrx_word' id='word_1_143' title='bbox 582 2119 698 2202; x_wconf 90' lang='lat' dir='ltr'>pignus</span> <span class='ocrx_word' id='word_1_144' title='bbox 731 2138 790 2201; x_wconf 90' lang='lat' dir='ltr'>pro</span> <span class='ocrx_word' id='word_1_145' title='bbox 825 2119 963 2184; x_wconf 88' lang='lat' dir='ltr'>denariis</span> <span class='ocrx_word' id='word_1_146' title='bbox 995 2119 1078 2186; x_wconf 91' lang='lat' dir='ltr'>dotis</span> <span class='ocrx_word' id='word_1_147' title='bbox 1111 2120 1241 2185; x_wconf 83' lang='lat' dir='ltr'>nomme</span> <span class='ocrx_word' id='word_1_148' title='bbox 1263 2119 1322 2184; x_wconf 90' lang='lat' dir='ltr'>sibi</span> <span class='ocrx_word' id='word_1_149' title='bbox 1345 2117 1468 2184; x_wconf 88' lang='lat' dir='ltr'>dandis.</span> 
     </span>
     <span class='ocr_line' id='line_1_18' title="bbox 153 2225 1469 2311; baseline 0.001 -19"><span class='ocrx_word' id='word_1_150' title='bbox 153 2229 202 2292; x_wconf 87' lang='lat' dir='ltr'>&#39;ost</span> <span class='ocrx_word' id='word_1_151' title='bbox 221 2225 280 2292; x_wconf 90' lang='lat' dir='ltr'>hec</span> <span class='ocrx_word' id='word_1_152' title='bbox 301 2247 378 2292; x_wconf 87' lang='lat' dir='ltr'>vero</span> <span class='ocrx_word' id='word_1_153' title='bbox 401 2227 723 2311; x_wconf 87' lang='lat' dir='ltr'>pretatusRolandus</span> <span class='ocrx_word' id='word_1_154' title='bbox 746 2227 878 2293; x_wconf 91' lang='lat' dir='ltr'>alteram</span> <span class='ocrx_word' id='word_1_155' title='bbox 903 2229 1046 2307; x_wconf 91' lang='lat' dir='ltr'>domum,</span> <span class='ocrx_word' id='word_1_156' title='bbox 1069 2246 1167 2311; x_wconf 85' lang='lat' dir='ltr'>quam</span> <span class='ocrx_word' id='word_1_157' title='bbox 1183 2245 1203 2292; x_wconf 87' lang='lat' dir='ltr'>a</span> <span class='ocrx_word' id='word_1_158' title='bbox 1219 2228 1312 2293; x_wconf 92' lang='lat' dir='ltr'>nobis</span> <span class='ocrx_word' id='word_1_159' title='bbox 1328 2228 1469 2307; x_wconf 82' lang='lat' dir='ltr'>tenebat,</span> 
     </span>
     <span class='ocr_line' id='line_1_19' title="bbox 153 2334 1470 2419; baseline 0.001 -20"><span class='ocrx_word' id='word_1_160' title='bbox 153 2334 267 2401; x_wconf 89' lang='lat' dir='ltr'>idelicet</span> <span class='ocrx_word' id='word_1_161' title='bbox 288 2336 422 2402; x_wconf 90' lang='lat' dir='ltr'>domum</span> <span class='ocrx_word' id='word_1_162' title='bbox 443 2336 477 2400; x_wconf 92' lang='lat' dir='ltr'>in</span> <span class='ocrx_word' id='word_1_163' title='bbox 491 2336 716 2419; x_wconf 84' lang='lat' dir='ltr'>Asscendorpe</span> <span class='ocrx_word' id='word_1_164' title='bbox 738 2336 879 2401; x_wconf 84' lang='lat' dir='ltr'>stmiliter</span> <span class='ocrx_word' id='word_1_165' title='bbox 900 2337 1024 2418; x_wconf 85' lang='lat' dir='ltr'>absque</span> <span class='ocrx_word' id='word_1_166' title='bbox 1046 2339 1155 2401; x_wconf 90' lang='lat' dir='ltr'>nostra</span> <span class='ocrx_word' id='word_1_167' title='bbox 1178 2340 1209 2402; x_wconf 90' lang='lat' dir='ltr'>et</span> <span class='ocrx_word' id='word_1_168' title='bbox 1230 2340 1470 2401; x_wconf 86' lang='lat' dir='ltr'>antecessorum</span> 
     </span>
     <span class='ocr_line' id='line_1_20' title="bbox 153 2443 1470 2529; baseline 0.002 -22"><span class='ocrx_word' id='word_1_169' title='bbox 153 2448 305 2510; x_wconf 77' lang='lat' dir='ltr'>rostrorum</span> <span class='ocrx_word' id='word_1_170' title='bbox 328 2445 490 2511; x_wconf 86' lang='lat' dir='ltr'>voluntate</span> <span class='ocrx_word' id='word_1_171' title='bbox 513 2447 545 2510; x_wconf 93' lang='lat' dir='ltr'>et</span> <span class='ocrx_word' id='word_1_172' title='bbox 566 2445 682 2511; x_wconf 84' lang='lat' dir='ltr'>noticia</span> <span class='ocrx_word' id='word_1_173' title='bbox 704 2444 832 2510; x_wconf 90' lang='lat' dir='ltr'>Hinrico</span> <span class='ocrx_word' id='word_1_174' title='bbox 855 2443 1051 2510; x_wconf 88' lang='lat' dir='ltr'>dictoNevel</span> <span class='ocrx_word' id='word_1_175' title='bbox 1067 2444 1186 2510; x_wconf 81' lang='lat' dir='ltr'>famulo</span> <span class='ocrx_word' id='word_1_176' title='bbox 1208 2444 1309 2529; x_wconf 87' lang='lat' dir='ltr'>tytulo</span> <span class='ocrx_word' id='word_1_177' title='bbox 1330 2443 1470 2528; x_wconf 90' lang='lat' dir='ltr'>pignoris</span> 
     </span>
     <span class='ocr_line' id='line_1_21' title="bbox 153 2551 1469 2637; baseline -0.002 -20"><span class='ocrx_word' id='word_1_178' title='bbox 153 2552 272 2636; x_wconf 86' lang='lat' dir='ltr'>bligarit</span> <span class='ocrx_word' id='word_1_179' title='bbox 291 2573 353 2637; x_wconf 88' lang='lat' dir='ltr'>pro</span> <span class='ocrx_word' id='word_1_180' title='bbox 373 2552 521 2634; x_wconf 85' lang='lat' dir='ltr'>donariis,</span> <span class='ocrx_word' id='word_1_181' title='bbox 552 2572 633 2637; x_wconf 87' lang='lat' dir='ltr'>quos</span> <span class='ocrx_word' id='word_1_182' title='bbox 658 2552 734 2618; x_wconf 86' lang='lat' dir='ltr'>dare</span> <span class='ocrx_word' id='word_1_183' title='bbox 757 2551 869 2618; x_wconf 88' lang='lat' dir='ltr'>debuit</span> <span class='ocrx_word' id='word_1_184' title='bbox 890 2551 1005 2631; x_wconf 89' lang='lat' dir='ltr'>eidem,</span> <span class='ocrx_word' id='word_1_185' title='bbox 1035 2569 1107 2616; x_wconf 91' lang='lat' dir='ltr'>cum</span> <span class='ocrx_word' id='word_1_186' title='bbox 1131 2552 1189 2635; x_wconf 90' lang='lat' dir='ltr'>ipsi</span> <span class='ocrx_word' id='word_1_187' title='bbox 1211 2571 1354 2618; x_wconf 92' lang='lat' dir='ltr'>sororem</span> <span class='ocrx_word' id='word_1_188' title='bbox 1376 2569 1469 2616; x_wconf 89' lang='lat' dir='ltr'>suam</span> 
     </span>
     <span class='ocr_line' id='line_1_22' title="bbox 153 2659 1470 2745; baseline -0.001 -18"><span class='ocrx_word' id='word_1_189' title='bbox 153 2662 260 2744; x_wconf 80' lang='lat' dir='ltr'>egitime</span> <span class='ocrx_word' id='word_1_190' title='bbox 283 2666 315 2728; x_wconf 89' lang='lat' dir='ltr'>et</span> <span class='ocrx_word' id='word_1_191' title='bbox 336 2662 610 2729; x_wconf 85' lang='lat' dir='ltr'>matrimonialiter</span> <span class='ocrx_word' id='word_1_192' title='bbox 641 2661 815 2745; x_wconf 87' lang='lat' dir='ltr'>copularet.</span> <span class='ocrx_word' id='word_1_193' title='bbox 859 2660 984 2726; x_wconf 88' lang='lat' dir='ltr'>Mortuo</span> <span class='ocrx_word' id='word_1_194' title='bbox 1016 2679 1092 2725; x_wconf 86' lang='lat' dir='ltr'>vero</span> <span class='ocrx_word' id='word_1_195' title='bbox 1118 2659 1267 2726; x_wconf 89' lang='lat' dir='ltr'>Rolando</span> <span class='ocrx_word' id='word_1_196' title='bbox 1290 2665 1470 2726; x_wconf 89' lang='lat' dir='ltr'>memorato</span> 
     </span>
     <span class='ocr_line' id='line_1_23' title="bbox 153 2767 1469 2854; baseline 0.002 -23"><span class='ocrx_word' id='word_1_197' title='bbox 153 2772 258 2854; x_wconf 83' lang='lat' dir='ltr'>traque</span> <span class='ocrx_word' id='word_1_198' title='bbox 291 2771 407 2836; x_wconf 91' lang='lat' dir='ltr'>domus</span> <span class='ocrx_word' id='word_1_199' title='bbox 440 2774 506 2835; x_wconf 87' lang='lat' dir='ltr'>tam</span> <span class='ocrx_word' id='word_1_200' title='bbox 539 2770 571 2836; x_wconf 91' lang='lat' dir='ltr'>in</span> <span class='ocrx_word' id='word_1_201' title='bbox 592 2770 757 2836; x_wconf 84' lang='lat' dir='ltr'>Setehorst</span> <span class='ocrx_word' id='word_1_202' title='bbox 790 2788 888 2852; x_wconf 89' lang='lat' dir='ltr'>quarn</span> <span class='ocrx_word' id='word_1_203' title='bbox 924 2769 955 2832; x_wconf 92' lang='lat' dir='ltr'>in</span> <span class='ocrx_word' id='word_1_204' title='bbox 978 2767 1182 2851; x_wconf 88' lang='lat' dir='ltr'>Asscendorp</span> <span class='ocrx_word' id='word_1_205' title='bbox 1204 2768 1300 2851; x_wconf 88' lang='lat' dir='ltr'>pleno</span> <span class='ocrx_word' id='word_1_206' title='bbox 1329 2770 1401 2852; x_wconf 88' lang='lat' dir='ltr'>jure</span> <span class='ocrx_word' id='word_1_207' title='bbox 1427 2770 1469 2835; x_wconf 88' lang='lat' dir='ltr'>ad</span> 
     </span>
     <span class='ocr_line' id='line_1_24' title="bbox 153 2876 1471 2961; baseline 0.001 -19"><span class='ocrx_word' id='word_1_208' title='bbox 153 2895 188 2942; x_wconf 82' lang='lat' dir='ltr'>tos</span> <span class='ocrx_word' id='word_1_209' title='bbox 206 2883 236 2944; x_wconf 83' lang='lat' dir='ltr'>et</span> <span class='ocrx_word' id='word_1_210' title='bbox 256 2878 298 2944; x_wconf 88' lang='lat' dir='ltr'>ad</span> <span class='ocrx_word' id='word_1_211' title='bbox 321 2882 465 2945; x_wconf 88' lang='lat' dir='ltr'>nostrum</span> <span class='ocrx_word' id='word_1_212' title='bbox 489 2879 718 2944; x_wconf 89' lang='lat' dir='ltr'>monasterium</span> <span class='ocrx_word' id='word_1_213' title='bbox 742 2877 901 2943; x_wconf 90' lang='lat' dir='ltr'>devoluta.</span> <span class='ocrx_word' id='word_1_214' title='bbox 945 2876 1091 2943; x_wconf 78' lang='lat' dir='ltr'>iohanne</span> <span class='ocrx_word' id='word_1_215' title='bbox 1113 2881 1222 2943; x_wconf 86' lang='lat' dir='ltr'>tamen</span> <span class='ocrx_word' id='word_1_216' title='bbox 1244 2876 1375 2943; x_wconf 90' lang='lat' dir='ltr'>Scerere</span> <span class='ocrx_word' id='word_1_217' title='bbox 1396 2897 1471 2961; x_wconf 89' lang='lat' dir='ltr'>pre-</span> 
     </span>
     <span class='ocr_line' id='line_1_25' title="bbox 153 2982 1469 3069; baseline 0 -17"><span class='ocrx_word' id='word_1_218' title='bbox 153 2982 209 3052; x_wconf 90' lang='lat' dir='ltr'>licto</span> <span class='ocrx_word' id='word_1_219' title='bbox 239 2989 271 3052; x_wconf 86' lang='lat' dir='ltr'>et</span> <span class='ocrx_word' id='word_1_220' title='bbox 303 2985 449 3052; x_wconf 84' lang='lat' dir='ltr'>Iohanne</span> <span class='ocrx_word' id='word_1_221' title='bbox 482 2986 566 3053; x_wconf 89' lang='lat' dir='ltr'>dicto</span> <span class='ocrx_word' id='word_1_222' title='bbox 599 2986 859 3068; x_wconf 88' lang='lat' dir='ltr'>Vruwedenberg</span> <span class='ocrx_word' id='word_1_223' title='bbox 891 2989 997 3051; x_wconf 88' lang='lat' dir='ltr'>tutore</span> <span class='ocrx_word' id='word_1_224' title='bbox 1031 3004 1088 3050; x_wconf 88' lang='lat' dir='ltr'>seu</span> <span class='ocrx_word' id='word_1_225' title='bbox 1118 2990 1264 3051; x_wconf 86' lang='lat' dir='ltr'>curatore</span> <span class='ocrx_word' id='word_1_226' title='bbox 1297 3005 1469 3069; x_wconf 88' lang='lat' dir='ltr'>pueromm</span> 
     </span>
     <span class='ocr_line' id='line_1_26' title="bbox 153 3091 1468 3179; baseline -0.001 -19"><span class='ocrx_word' id='word_1_227' title='bbox 153 3091 240 3161; x_wconf 84' lang='lat' dir='ltr'>liutici</span> <span class='ocrx_word' id='word_1_228' title='bbox 260 3093 408 3176; x_wconf 85' lang='lat' dir='ltr'>Neveles,</span> <span class='ocrx_word' id='word_1_229' title='bbox 438 3095 492 3179; x_wconf 91' lang='lat' dir='ltr'>qui</span> <span class='ocrx_word' id='word_1_230' title='bbox 513 3098 590 3160; x_wconf 92' lang='lat' dir='ltr'>tunc</span> <span class='ocrx_word' id='word_1_231' title='bbox 611 3099 757 3160; x_wconf 88' lang='lat' dir='ltr'>mortuus</span> <span class='ocrx_word' id='word_1_232' title='bbox 780 3098 857 3173; x_wconf 84' lang='lat' dir='ltr'>erat,</span> <span class='ocrx_word' id='word_1_233' title='bbox 888 3096 1019 3177; x_wconf 89' lang='lat' dir='ltr'>propter</span> <span class='ocrx_word' id='word_1_234' title='bbox 1043 3093 1270 3177; x_wconf 79' lang='lat' dir='ltr'>obligationem</span> <span class='ocrx_word' id='word_1_235' title='bbox 1292 3093 1468 3177; x_wconf 86' lang='lat' dir='ltr'>predictam</span> 
     </span>
     <span class='ocr_line' id='line_1_27' title="bbox 153 3201 1468 3284; baseline 0.001 -18"><span class='ocrx_word' id='word_1_236' title='bbox 153 3202 218 3269; x_wconf 80' lang='lat' dir='ltr'>robis</span> <span class='ocrx_word' id='word_1_237' title='bbox 247 3203 496 3270; x_wconf 88' lang='lat' dir='ltr'>reclamantibus</span> <span class='ocrx_word' id='word_1_238' title='bbox 528 3207 560 3269; x_wconf 85' lang='lat' dir='ltr'>ct</span> <span class='ocrx_word' id='word_1_239' title='bbox 594 3202 892 3284; x_wconf 87' lang='lat' dir='ltr'>contradicentibus,</span> <span class='ocrx_word' id='word_1_240' title='bbox 924 3207 959 3267; x_wconf 91' lang='lat' dir='ltr'>ut</span> <span class='ocrx_word' id='word_1_241' title='bbox 991 3205 1136 3266; x_wconf 90' lang='lat' dir='ltr'>nostrum</span> <span class='ocrx_word' id='word_1_242' title='bbox 1169 3201 1399 3266; x_wconf 89' lang='lat' dir='ltr'>monasterium</span> <span class='ocrx_word' id='word_1_243' title='bbox 1426 3202 1468 3268; x_wconf 86' lang='lat' dir='ltr'>ab</span> 
     </span>
     <span class='ocr_line' id='line_1_28' title="bbox 153 3308 1468 3397; baseline -0.002 -19"><span class='ocrx_word' id='word_1_244' title='bbox 153 3313 212 3378; x_wconf 69' lang='lat' dir='ltr'>&gt;mni</span> <span class='ocrx_word' id='word_1_245' title='bbox 230 3311 426 3397; x_wconf 91' lang='lat' dir='ltr'>impetitione</span> <span class='ocrx_word' id='word_1_246' title='bbox 448 3316 546 3396; x_wconf 88' lang='lat' dir='ltr'>atquc</span> <span class='ocrx_word' id='word_1_247' title='bbox 568 3312 738 3377; x_wconf 80' lang='lat' dir='ltr'>vexatione</span> <span class='ocrx_word' id='word_1_248' title='bbox 760 3312 792 3376; x_wconf 85' lang='lat' dir='ltr'>tn</span> <span class='ocrx_word' id='word_1_249' title='bbox 814 3311 874 3377; x_wconf 88' lang='lat' dir='ltr'>hac</span> <span class='ocrx_word' id='word_1_250' title='bbox 897 3315 987 3395; x_wconf 89' lang='lat' dir='ltr'>parte</span> <span class='ocrx_word' id='word_1_251' title='bbox 1011 3310 1216 3393; x_wconf 84' lang='lat' dir='ltr'>eriperemus,</span> <span class='ocrx_word' id='word_1_252' title='bbox 1246 3308 1286 3374; x_wconf 90' lang='lat' dir='ltr'>de</span> <span class='ocrx_word' id='word_1_253' title='bbox 1309 3328 1468 3376; x_wconf 91' lang='lat' dir='ltr'>consensu</span> 
     </span>
     <span class='ocr_line' id='line_1_29' title="bbox 152 3416 1469 3487; baseline -0.001 -3"><span class='ocrx_word' id='word_1_254' title='bbox 152 3425 298 3487; x_wconf 70' lang='lat' dir='ltr'>eusenius</span> <span class='ocrx_word' id='word_1_255' title='bbox 320 3421 421 3487; x_wconf 88' lang='lat' dir='ltr'>nostri</span> <span class='ocrx_word' id='word_1_256' title='bbox 442 3420 589 3486; x_wconf 90' lang='lat' dir='ltr'>dedimus</span> <span class='ocrx_word' id='word_1_257' title='bbox 611 3420 715 3485; x_wconf 91' lang='lat' dir='ltr'>eidem</span> <span class='ocrx_word' id='word_1_258' title='bbox 730 3418 866 3485; x_wconf 76' lang='lat' dir='ltr'>iohanni</span> <span class='ocrx_word' id='word_1_259' title='bbox 884 3420 1016 3485; x_wconf 84' lang='lat' dir='ltr'>Scerere</span> <span class='ocrx_word' id='word_1_260' title='bbox 1037 3416 1106 3482; x_wconf 87' lang='lat' dir='ltr'>XVI</span> <span class='ocrx_word' id='word_1_261' title='bbox 1118 3435 1243 3482; x_wconf 87' lang='lat' dir='ltr'>marcas</span> <span class='ocrx_word' id='word_1_262' title='bbox 1265 3416 1469 3484; x_wconf 89' lang='lat' dir='ltr'>denariorum</span> 
     </span>
     <span class='ocr_line' id='line_1_30' title="bbox 152 3525 1470 3615; baseline -0.003 -19"><span class='ocrx_word' id='word_1_263' title='bbox 152 3525 378 3615; x_wconf 71' lang='lat' dir='ltr'>lemburgensis</span> <span class='ocrx_word' id='word_1_264' title='bbox 410 3533 549 3609; x_wconf 84' lang='lat' dir='ltr'>monete,</span> <span class='ocrx_word' id='word_1_265' title='bbox 582 3529 720 3595; x_wconf 86' lang='lat' dir='ltr'>Iohanni</span> <span class='ocrx_word' id='word_1_266' title='bbox 753 3548 828 3593; x_wconf 88' lang='lat' dir='ltr'>vero</span> <span class='ocrx_word' id='word_1_267' title='bbox 851 3527 1114 3608; x_wconf 88' lang='lat' dir='ltr'>Vruwedenberg</span> <span class='ocrx_word' id='word_1_268' title='bbox 1147 3529 1180 3590; x_wconf 91' lang='lat' dir='ltr'>et</span> <span class='ocrx_word' id='word_1_269' title='bbox 1212 3527 1318 3609; x_wconf 90' lang='lat' dir='ltr'>pueris</span> <span class='ocrx_word' id='word_1_270' title='bbox 1342 3526 1470 3592; x_wconf 90' lang='lat' dir='ltr'>Henrici</span> 
     </span>
     <span class='ocr_line' id='line_1_31' title="bbox 152 3632 1469 3724; baseline 0.004 -28"><span class='ocrx_word' id='word_1_271' title='bbox 152 3632 257 3706; x_wconf 85' lang='lat' dir='ltr'>teretes</span> <span class='ocrx_word' id='word_1_272' title='bbox 277 3638 411 3724; x_wconf 89' lang='lat' dir='ltr'>predicti</span> <span class='ocrx_word' id='word_1_273' title='bbox 433 3637 580 3704; x_wconf 86' lang='lat' dir='ltr'>dedimus</span> <span class='ocrx_word' id='word_1_274' title='bbox 603 3636 688 3702; x_wconf 87' lang='lat' dir='ltr'>XIIII</span> <span class='ocrx_word' id='word_1_275' title='bbox 710 3656 835 3702; x_wconf 89' lang='lat' dir='ltr'>marcas</span> <span class='ocrx_word' id='word_1_276' title='bbox 857 3637 1001 3721; x_wconf 88' lang='lat' dir='ltr'>ejusdem</span> <span class='ocrx_word' id='word_1_277' title='bbox 1024 3640 1162 3712; x_wconf 90' lang='lat' dir='ltr'>monete,</span> <span class='ocrx_word' id='word_1_278' title='bbox 1187 3635 1362 3719; x_wconf 89' lang='lat' dir='ltr'>dequibus</span> <span class='ocrx_word' id='word_1_279' title='bbox 1384 3637 1469 3702; x_wconf 88' lang='lat' dir='ltr'>idem</span> 
     </span>
     <span class='ocr_line' id='line_1_32' title="bbox 152 3738 1470 3829; baseline 0.001 -21"><span class='ocrx_word' id='word_1_280' title='bbox 152 3738 284 3813; x_wconf 79' lang='lat' dir='ltr'>lohannes</span> <span class='ocrx_word' id='word_1_281' title='bbox 306 3746 566 3828; x_wconf 82' lang='lat' dir='ltr'>Vruwedenbeug</span> <span class='ocrx_word' id='word_1_282' title='bbox 597 3745 717 3829; x_wconf 87' lang='lat' dir='ltr'>recepit</span> <span class='ocrx_word' id='word_1_283' title='bbox 740 3744 778 3809; x_wconf 93' lang='lat' dir='ltr'>Vl</span> <span class='ocrx_word' id='word_1_284' title='bbox 801 3763 926 3809; x_wconf 89' lang='lat' dir='ltr'>marcas</span> <span class='ocrx_word' id='word_1_285' title='bbox 959 3744 1001 3810; x_wconf 90' lang='lat' dir='ltr'>ad</span> <span class='ocrx_word' id='word_1_286' title='bbox 1033 3763 1111 3809; x_wconf 93' lang='lat' dir='ltr'>usus</span> <span class='ocrx_word' id='word_1_287' title='bbox 1144 3761 1219 3809; x_wconf 92' lang='lat' dir='ltr'>suos</span> <span class='ocrx_word' id='word_1_288' title='bbox 1247 3747 1279 3808; x_wconf 89' lang='lat' dir='ltr'>et</span> <span class='ocrx_word' id='word_1_289' title='bbox 1301 3744 1380 3809; x_wconf 85' lang='lat' dir='ltr'>alias</span> <span class='ocrx_word' id='word_1_290' title='bbox 1403 3744 1470 3809; x_wconf 88' lang='lat' dir='ltr'>VIII</span> 
     </span>
     <span class='ocr_line' id='line_1_33' title="bbox 152 3851 1469 3937; baseline 0 -19"><span class='ocrx_word' id='word_1_291' title='bbox 152 3867 247 3922; x_wconf 81' lang='lat' dir='ltr'>narcas</span> <span class='ocrx_word' id='word_1_292' title='bbox 267 3856 311 3922; x_wconf 87' lang='lat' dir='ltr'>ad</span> <span class='ocrx_word' id='word_1_293' title='bbox 333 3874 411 3921; x_wconf 88' lang='lat' dir='ltr'>usus</span> <span class='ocrx_word' id='word_1_294' title='bbox 434 3854 590 3920; x_wconf 88' lang='lat' dir='ltr'>dictorum</span> <span class='ocrx_word' id='word_1_295' title='bbox 616 3873 790 3937; x_wconf 88' lang='lat' dir='ltr'>puerorum</span> <span class='ocrx_word' id='word_1_296' title='bbox 814 3853 996 3918; x_wconf 84' lang='lat' dir='ltr'>reservavit.</span> <span class='ocrx_word' id='word_1_297' title='bbox 1039 3852 1079 3917; x_wconf 85' lang='lat' dir='ltr'>Et</span> <span class='ocrx_word' id='word_1_298' title='bbox 1100 3852 1159 3916; x_wconf 89' lang='lat' dir='ltr'>hiis</span> <span class='ocrx_word' id='word_1_299' title='bbox 1182 3851 1331 3918; x_wconf 91' lang='lat' dir='ltr'>omnibus</span> <span class='ocrx_word' id='word_1_300' title='bbox 1365 3852 1469 3918; x_wconf 90' lang='lat' dir='ltr'>taliter</span> 
     </span>
     <span class='ocr_line' id='line_1_34' title="bbox 152 3959 1469 4044; baseline -0.002 -16"><span class='ocrx_word' id='word_1_301' title='bbox 152 3961 274 4030; x_wconf 75' lang='lat' dir='ltr'>&gt;ruralis</span> <span class='ocrx_word' id='word_1_302' title='bbox 296 3962 460 4029; x_wconf 84' lang='lat' dir='ltr'>Iohannes</span> <span class='ocrx_word' id='word_1_303' title='bbox 482 3961 625 4041; x_wconf 87' lang='lat' dir='ltr'>Scerere‚</span> <span class='ocrx_word' id='word_1_304' title='bbox 659 3960 821 4027; x_wconf 80' lang='lat' dir='ltr'>Iohannes</span> <span class='ocrx_word' id='word_1_305' title='bbox 844 3959 1105 4043; x_wconf 86' lang='lat' dir='ltr'>Vruwedenberg</span> <span class='ocrx_word' id='word_1_306' title='bbox 1138 3965 1169 4025; x_wconf 91' lang='lat' dir='ltr'>et</span> <span class='ocrx_word' id='word_1_307' title='bbox 1201 3963 1291 4043; x_wconf 92' lang='lat' dir='ltr'>pueri</span> <span class='ocrx_word' id='word_1_308' title='bbox 1318 3961 1469 4044; x_wconf 90' lang='lat' dir='ltr'>sepedicti</span> 
     </span>
     <span class='ocr_line' id='line_1_35' title="bbox 152 4057 1469 4156; baseline 0 -22"><span class='ocrx_word' id='word_1_309' title='bbox 152 4057 384 4139; x_wconf 81' lang='lat' dir='ltr'>&#39;enuntiaverunt</span> <span class='ocrx_word' id='word_1_310' title='bbox 406 4073 492 4138; x_wconf 90' lang='lat' dir='ltr'>omni</span> <span class='ocrx_word' id='word_1_311' title='bbox 512 4074 584 4156; x_wconf 79' lang='lat' dir='ltr'>Juri‚</span> <span class='ocrx_word' id='word_1_312' title='bbox 609 4071 634 4136; x_wconf 91' lang='lat' dir='ltr'>si</span> <span class='ocrx_word' id='word_1_313' title='bbox 654 4074 707 4156; x_wconf 78' lang='lat' dir='ltr'>Jus</span> <span class='ocrx_word' id='word_1_314' title='bbox 729 4072 787 4136; x_wconf 90' lang='lat' dir='ltr'>dici</span> <span class='ocrx_word' id='word_1_315' title='bbox 803 4072 940 4153; x_wconf 87' lang='lat' dir='ltr'>poterat,</span> <span class='ocrx_word' id='word_1_316' title='bbox 964 4070 1051 4153; x_wconf 87' lang='lat' dir='ltr'>quod</span> <span class='ocrx_word' id='word_1_317' title='bbox 1062 4069 1121 4153; x_wconf 92' lang='lat' dir='ltr'>ipsi</span> <span class='ocrx_word' id='word_1_318' title='bbox 1132 4070 1256 4134; x_wconf 82' lang='lat' dir='ltr'>rabone</span> <span class='ocrx_word' id='word_1_319' title='bbox 1269 4069 1469 4154; x_wconf 72' lang='lat' dir='ltr'>obligationis</span> 
     </span>
     <span class='ocr_line' id='line_1_36' title="bbox 152 4176 1469 4263; baseline 0.003 -24"><span class='ocrx_word' id='word_1_320' title='bbox 152 4183 263 4251; x_wconf 71' lang='lat' dir='ltr'>pretacte</span> <span class='ocrx_word' id='word_1_321' title='bbox 294 4180 416 4246; x_wconf 89' lang='lat' dir='ltr'>habere</span> <span class='ocrx_word' id='word_1_322' title='bbox 451 4181 483 4245; x_wconf 88' lang='lat' dir='ltr'>in</span> <span class='ocrx_word' id='word_1_323' title='bbox 516 4181 691 4263; x_wconf 90' lang='lat' dir='ltr'>prenotatis</span> <span class='ocrx_word' id='word_1_324' title='bbox 725 4179 873 4244; x_wconf 90' lang='lat' dir='ltr'>domibus</span> <span class='ocrx_word' id='word_1_325' title='bbox 907 4176 1098 4242; x_wconf 87' lang='lat' dir='ltr'>videbantur</span> <span class='ocrx_word' id='word_1_326' title='bbox 1130 4180 1162 4241; x_wconf 91' lang='lat' dir='ltr'>ct</span> <span class='ocrx_word' id='word_1_327' title='bbox 1195 4177 1326 4242; x_wconf 89' lang='lat' dir='ltr'>easdem</span> <span class='ocrx_word' id='word_1_328' title='bbox 1356 4177 1469 4243; x_wconf 90' lang='lat' dir='ltr'>domos</span> 
     </span>
     <span class='ocr_line' id='line_1_37' title="bbox 152 4284 1469 4368; baseline 0.002 -20"><span class='ocrx_word' id='word_1_329' title='bbox 152 4285 216 4353; x_wconf 82' lang='lat' dir='ltr'>robis</span> <span class='ocrx_word' id='word_1_330' title='bbox 236 4293 267 4355; x_wconf 92' lang='lat' dir='ltr'>et</span> <span class='ocrx_word' id='word_1_331' title='bbox 288 4288 461 4354; x_wconf 89' lang='lat' dir='ltr'>conventui</span> <span class='ocrx_word' id='word_1_332' title='bbox 483 4291 595 4353; x_wconf 91' lang='lat' dir='ltr'>nostro</span> <span class='ocrx_word' id='word_1_333' title='bbox 616 4287 714 4352; x_wconf 89' lang='lat' dir='ltr'>libere</span> <span class='ocrx_word' id='word_1_334' title='bbox 737 4286 948 4368; x_wconf 89' lang='lat' dir='ltr'>resignarunt.</span> <span class='ocrx_word' id='word_1_335' title='bbox 992 4284 1028 4350; x_wconf 94' lang='lat' dir='ltr'>ln</span> <span class='ocrx_word' id='word_1_336' title='bbox 1056 4303 1191 4368; x_wconf 90' lang='lat' dir='ltr'>quorum</span> <span class='ocrx_word' id='word_1_337' title='bbox 1216 4285 1357 4350; x_wconf 88' lang='lat' dir='ltr'>omniurn</span> <span class='ocrx_word' id='word_1_338' title='bbox 1381 4286 1469 4351; x_wconf 85' lang='lat' dir='ltr'>testi·</span> 
     </span>
     <span class='ocr_line' id='line_1_38' title="bbox 152 4392 1468 4481; baseline 0.004 -23"><span class='ocrx_word' id='word_1_339' title='bbox 152 4399 265 4463; x_wconf 83' lang='lat' dir='ltr'>nonium</span> <span class='ocrx_word' id='word_1_340' title='bbox 286 4399 472 4481; x_wconf 88' lang='lat' dir='ltr'>presentem</span> <span class='ocrx_word' id='word_1_341' title='bbox 501 4397 652 4479; x_wconf 88' lang='lat' dir='ltr'>paginam</span> <span class='ocrx_word' id='word_1_342' title='bbox 685 4394 840 4460; x_wconf 89' lang='lat' dir='ltr'>conscribi</span> <span class='ocrx_word' id='word_1_343' title='bbox 863 4398 894 4458; x_wconf 90' lang='lat' dir='ltr'>et</span> <span class='ocrx_word' id='word_1_344' title='bbox 916 4392 1015 4475; x_wconf 89' lang='lat' dir='ltr'>sigillo</span> <span class='ocrx_word' id='word_1_345' title='bbox 1037 4397 1146 4459; x_wconf 90' lang='lat' dir='ltr'>nostro</span> <span class='ocrx_word' id='word_1_346' title='bbox 1179 4393 1310 4458; x_wconf 87' lang='lat' dir='ltr'>lecimus</span> <span class='ocrx_word' id='word_1_347' title='bbox 1332 4393 1468 4476; x_wconf 86' lang='lat' dir='ltr'>sigillari.</span> 
     </span>
     <span class='ocr_line' id='line_1_39' title="bbox 152 4492 1419 4585; baseline -0.001 -20"><span class='ocrx_word' id='word_1_348' title='bbox 152 4492 240 4571; x_wconf 82' lang='lat' dir='ltr'>larum</span> <span class='ocrx_word' id='word_1_349' title='bbox 260 4525 349 4572; x_wconf 89' lang='lat' dir='ltr'>anno</span> <span class='ocrx_word' id='word_1_350' title='bbox 372 4504 495 4571; x_wconf 87' lang='lat' dir='ltr'>Domini</span> <span class='ocrx_word' id='word_1_351' title='bbox 518 4504 684 4570; x_wconf 88' lang='lat' dir='ltr'>millesimo</span> <span class='ocrx_word' id='word_1_352' title='bbox 707 4503 759 4568; x_wconf 85' lang='lat' dir='ltr'>CC</span> <span class='ocrx_word' id='word_1_353' title='bbox 782 4501 993 4585; x_wconf 90' lang='lat' dir='ltr'>nonagesimo</span> <span class='ocrx_word' id='word_1_354' title='bbox 1014 4500 1093 4582; x_wconf 86' lang='lat' dir='ltr'>VIII,</span> <span class='ocrx_word' id='word_1_355' title='bbox 1115 4502 1146 4566; x_wconf 92' lang='lat' dir='ltr'>in</span> <span class='ocrx_word' id='word_1_356' title='bbox 1170 4501 1220 4566; x_wconf 88' lang='lat' dir='ltr'>die</span> <span class='ocrx_word' id='word_1_357' title='bbox 1242 4501 1327 4566; x_wconf 88' lang='lat' dir='ltr'>beati</span> <span class='ocrx_word' id='word_1_358' title='bbox 1350 4501 1419 4564; x_wconf 89' lang='lat' dir='ltr'>Viti.</span> 
     </span>
    </p>
   </div>
   <div class='ocr_carea' id='block_1_5' title="bbox 231 4623 1467 4710">
    <p class='ocr_par' dir='ltr' id='par_1_5' title="bbox 231 4623 1467 4710">
     <span class='ocr_line' id='line_1_40' title="bbox 231 4623 1467 4710; baseline -0.006 -12"><span class='ocrx_word' id='word_1_359' title='bbox 231 4640 251 4710; x_wconf 86' lang='lat'>¹)</span> <span class='ocrx_word' id='word_1_360' title='bbox 269 4638 407 4710; x_wconf 57' lang='lat' dir='ltr'>&amp;alboris</span> <span class='ocrx_word' id='word_1_361' title='bbox 425 4637 496 4696; x_wconf 70' lang='lat' dir='ltr'>tirbr</span> <span class='ocrx_word' id='word_1_362' title='bbox 516 4640 545 4694; x_wconf 87' lang='lat' dir='ltr'>iu</span> <span class='ocrx_word' id='word_1_363' title='bbox 563 4623 711 4708; x_wconf 49' lang='lat' dir='ltr'>§itermrg</span> <span class='ocrx_word' id='word_1_364' title='bbox 729 4637 817 4707; x_wconf 78' lang='lat' dir='ltr'>ttript.</span> <span class='ocrx_word' id='word_1_365' title='bbox 837 4634 994 4695; x_wconf 69' lang='lat' dir='ltr'>ttctbmotb.</span> <span class='ocrx_word' id='word_1_366' title='bbox 1028 4666 1059 4674; x_wconf 93' lang='lat'>—</span> <span class='ocrx_word' id='word_1_367' title='bbox 1093 4635 1115 4701; x_wconf 90' lang='lat'>¹)</span> <span class='ocrx_word' id='word_1_368' title='bbox 1135 4633 1304 4705; x_wconf 67' lang='lat' dir='ltr'>ttlrbrnbori,</span> <span class='ocrx_word' id='word_1_369' title='bbox 1327 4633 1467 4705; x_wconf 63' lang='lat' dir='ltr'>bannim.</span> 
     </span>
    </p>
   </div>
   <div class='ocr_carea' id='block_1_6' title="bbox 152 4721 1469 4881">
    <p class='ocr_par' dir='ltr' id='par_1_6' title="bbox 152 4721 1469 4881">
     <span class='ocr_line' id='line_1_41' title="bbox 152 4721 1469 4796; baseline -0.005 -12"><span class='ocrx_word' id='word_1_370' title='bbox 152 4722 264 4796; x_wconf 62' lang='lat' dir='ltr'>illidat.</span> <span class='ocrx_word' id='word_1_371' title='bbox 283 4725 389 4794; x_wconf 62' lang='lat' dir='ltr'>vilieu,</span> <span class='ocrx_word' id='word_1_372' title='bbox 416 4723 509 4795; x_wconf 75' lang='lat' dir='ltr'>triber</span> <span class='ocrx_word' id='word_1_373' title='bbox 537 4737 598 4796; x_wconf 65' lang='lat' dir='ltr'>gum</span> <span class='ocrx_word' id='word_1_374' title='bbox 617 4724 704 4795; x_wconf 59' lang='lat' dir='ltr'>attat.</span> <span class='ocrx_word' id='word_1_375' title='bbox 723 4724 790 4782; x_wconf 68' lang='lat' dir='ltr'>tort</span> <span class='ocrx_word' id='word_1_376' title='bbox 809 4725 939 4792; x_wconf 68' lang='lat' dir='ltr'>(Ludna)</span> <span class='ocrx_word' id='word_1_377' title='bbox 964 4722 1080 4794; x_wconf 58' lang='lat' dir='ltr'>perona</span> <span class='ocrx_word' id='word_1_378' title='bbox 1108 4721 1153 4779; x_wconf 73' lang='lat' dir='ltr'>cr.</span> <span class='ocrx_word' id='word_1_379' title='bbox 1173 4722 1277 4794; x_wconf 55' lang='lat' dir='ltr'>ilburg.</span> <span class='ocrx_word' id='word_1_380' title='bbox 1316 4753 1347 4762; x_wconf 97' lang='lat'><em>-</em></span> <span class='ocrx_word' id='word_1_381' title='bbox 1386 4723 1409 4791; x_wconf 86' lang='lat'>⁸)</span> <span class='ocrx_word' id='word_1_382' title='bbox 1428 4721 1469 4781; x_wconf 64' lang='lat' dir='ltr'>br</span> 
     </span>
     <span class='ocr_line' id='line_1_42' title="bbox 152 4798 822 4881; baseline -0.013 -7"><span class='ocrx_word' id='word_1_383' title='bbox 152 4798 201 4875; x_wconf 56' lang='lat' dir='ltr'>istit</span> <span class='ocrx_word' id='word_1_384' title='bbox 216 4813 279 4872; x_wconf 72' lang='lat' dir='ltr'>oren</span> <span class='ocrx_word' id='word_1_385' title='bbox 297 4813 348 4871; x_wconf 73' lang='lat' dir='ltr'>itt.</span> <span class='ocrx_word' id='word_1_386' title='bbox 366 4813 420 4868; x_wconf 80' lang='lat'>486</span> <span class='ocrx_word' id='word_1_387' title='bbox 439 4814 475 4881; x_wconf 86' lang='grc'>(9.</span> <span class='ocrx_word' id='word_1_388' title='bbox 495 4811 559 4869; x_wconf 76' lang='lat' dir='ltr'>arar</span> <span class='ocrx_word' id='word_1_389' title='bbox 580 4812 661 4879; x_wconf 77' lang='lat'>1297)</span> <span class='ocrx_word' id='word_1_390' title='bbox 681 4811 822 4881; x_wconf 68' lang='lat' dir='ltr'>tttcming.</span> 
     </span>
    </p>
   </div>
   <div class='ocr_carea' id='block_1_7' title="bbox 152 4910 412 4939">
    <p class='ocr_par' dir='ltr' id='par_1_7' title="bbox 152 4910 412 4939">
     <span class='ocr_line' id='line_1_43' title="bbox 152 4910 412 4939; baseline -0.004 -1"><span class='ocrx_word' id='word_1_391' title='bbox 152 4910 412 4939; x_wconf 30' lang='lat' dir='ltr'>g.—</span> 
     </span>
    </p>
   </div>
   <div class='ocr_carea' id='block_1_8' title="bbox 231 4978 499 5053">
    <p class='ocr_par' dir='ltr' id='par_1_8' title="bbox 231 4978 499 5053">
     <span class='ocr_line' id='line_1_44' title="bbox 231 4978 499 5053; baseline -0.007 -17"><span class='ocrx_word' id='word_1_392' title='bbox 231 4981 257 5050; x_wconf 75' lang='lat' dir='ltr'>s)</span> <span class='ocrx_word' id='word_1_393' title='bbox 274 4978 318 5053; x_wconf 71' lang='lat' dir='ltr'>itit</span> <span class='ocrx_word' id='word_1_394' title='bbox 336 4986 499 5039; x_wconf 80' lang='lat' dir='ltr'>nostrorum.</span> 
     </span>
    </p>
   </div>
   <div class='ocr_carea' id='block_1_9' title="bbox 0 0 1610 5354">
    <p class='ocr_par' dir='ltr' id='par_1_9' title="bbox 0 0 1610 5354">
     <span class='ocr_line' id='line_1_45' title="bbox 0 0 1610 5354; baseline 0 0"><span class='ocrx_word' id='word_1_395' title='bbox 0 0 1610 5354; x_wconf 95' lang='lat' dir='ltr'> </span> 
     </span>
    </p>
   </div>
  </div>
 </body>
</html>
