3210 5354
250 261 313 327 196
882 278 952 335 129⁰

372 443 561 511 Fromoldus
583 445 725 511 decanus
747 447 779 510 et
801 444 977 528 capitulum
1010 444 1161 511 eeclesiae
1190 444 1291 511 sancti
1313 443 1470 511 lobannis
1488 443 1563 509 Ouu-

247 553 414 635 brugensis
436 553 585 620 omnibus
606 556 793 636 praesentes
815 554 1005 637 inspecturis
1033 552 1169 619 salntem
1191 552 1224 618 in
1247 551 1388 619 Domino
1410 556 1443 617 et
1462 570 1562 634 menne
1594 628 1597 633 ¹

248 680 320 726 cere
340 661 518 730 veritatem.
562 660 721 738 Quoniam
744 662 787 727 ad
809 662 953 728 divinum
976 661 1096 729 cultum
1114 661 1392 745 augmentandum
1415 660 1562 727 meritoed
1589 655 1605 760 ff

249 769 381 853 quilibet
401 771 640 853 promovendus
662 774 693 834 et
715 769 857 836 loannes
884 772 925 838 de
955 771 1103 854 Dilingen
1124 772 1361 837 concanonicus
1383 774 1491 836 nostm
1507 766 1563 835 dei·
1588 765 1605 898 i

247 879 364 945 derans
385 882 428 947 ad
438 881 462 964 ¹)
484 880 622 946 officium
644 879 786 945 divinum
808 879 1030 964 ampliandum
1052 898 1172 946 novum
1203 879 1369 946 instituere
1391 876 1563 945 vicariurn'n

247 989 379 1054 ecclesia
411 993 520 1055 nostra
548 988 684 1055 Domino
717 992 873 1072 perpetuo
906 988 1129 1055 famulandum
1163 992 1196 1054 et
1226 988 1260 1053 in
1289 988 1417 1055 ambitu
1449 982 1563 1072 cymini

248 1098 346 1163 nostri
367 1097 522 1182 capellam
545 1099 575 1162 in
598 1097 754 1163 bonorem
777 1100 961 1163 sanctornm
986 1097 1072 1163 Petri
1093 1097 1229 1181 apostoli
1260 1099 1293 1162 el
1316 1096 1488 1164 Clementis
1505 1112 1564 1161 mvr-

248 1206 324 1288 tyris
346 1211 443 1290 atque
464 1207 622 1291 pontilicis
635 1212 819 1274 construere
831 1208 872 1274 ad
889 1209 1118 1275 celebrandum
1140 1210 1173 1274 in
1195 1226 1234 1274 ea
1255 1208 1433 1292 peripsum
1447 1206 1564 1273 vicarii·

248 1316 377 1380 missam
410 1335 468 1399 pro
502 1316 648 1382 fidelibus
681 1317 838 1383 defunctis
871 1317 972 1383 tribus
1006 1318 1119 1384 diebus
1159 1318 1191 1382 in
1224 1316 1422 1397 ebdomada,
1454 1309 1605 1413 videliodj

247 1424 396 1504 secunda,
420 1429 535 1508 quarta
556 1431 588 1492 et
609 1431 700 1494 sexta
722 1429 806 1493 feriis
828 1446 866 1494 ac
889 1430 985 1495 etiam
1008 1429 1076 1495 aliis
1098 1427 1229 1511 singulis
1251 1427 1366 1495 diebus
1382 1427 1416 1493 in
1429 1426 1564 1492 missam
1592 1419 1605 1520 Ῑ

247 1535 432 1618 solempniis
449 1539 609 1620 agendum
625 1540 815 1607 memoriam
831 1540 973 1606 lidelium
995 1540 1230 1607 defunctorum.
1258 1538 1311 1604 Ad
1333 1537 1396 1602 boc
1418 1531 1565 1601 laomim
1594 1529 1605 1552 ¹

249 1644 353 1710 eidem
375 1643 489 1712 loanni
511 1647 670 1714 licentiam
693 1649 840 1715 dedimus
863 1655 894 1716 et
912 1669 1081 1716 assensum
1102 1649 1260 1718 addentes
1281 1669 1320 1715 ac
1343 1648 1498 1715 donantes
1514 1658 1565 1728 pre·

249 1756 315 1821 lato
336 1757 452 1823 vicario
463 1759 677 1842 septimanam
699 1761 732 1825 in
754 1760 851 1826 choro
873 1765 985 1827 nostro
1007 1763 1089 1828 sicut
1110 1761 1178 1827 aliis
1199 1758 1325 1826 vicariis
1346 1757 1463 1823 nostris
1482 1754 1564 1821 obas·
1595 1745 1605 1848 j

248 1862 387 1930 vendam
410 1870 441 1931 et
462 1867 540 1933 alias
553 1868 734 1952 ubicunque
744 1870 920 1952 poterimus
935 1869 977 1937 ad
994 1871 1065 1952 hoc,
1081 1874 1117 1936 ut
1132 1870 1264 1953 dignum
1277 1870 1336 1947 est,
1358 1863 1420 1932 sibi
1441 1863 1564 1930 faciem·
1597 1859 1605 1878 ²

249 1993 381 2057 operam
404 1975 575 2044 efficacem.
620 1977 818 2044 Praelibatus
840 1999 917 2045 vero
939 1980 1080 2047 loannes
1102 1980 1144 2046 ad
1156 1978 1337 2046 dotandum
1352 1976 1499 2041 vicariam
1518 1966 1565 2051 etl

249 2083 404 2166 capellam
419 2083 446 2168 ¹)
468 2086 664 2168 praedictam
697 2087 830 2154 domum
862 2089 894 2154 in
917 2089 1113 2157 Werdesche
1139 2087 1171 2152 in
1192 2084 1299 2151 medio
1321 2082 1417 2149 villae
1439 2076 1565 2147 diamd
1597 2103 1605 2170 Ι

250 2195 336 2259 omni
359 2195 486 2259 servitio
509 2200 661 2263 extraneo
683 2197 817 2265 liberam
840 2205 871 2265 et
893 2204 1077 2283 exemptam
1098 2217 1158 2282 pro
1181 2194 1395 2281 quadraginta
1412 2185 1565 2258 sermoni
1599 2211 1605 2292 1

249 2307 468 2386 comparatam
491 2323 563 2369 curn
586 2305 768 2373 bominibus
802 2308 1054 2375 inhabitantibus
1087 2310 1120 2374 el
1145 2307 1295 2374 omnibus
1313 2304 1441 2389 juribus
1460 2319 1497 2368 ac
1513 2312 1566 2383 pff·
1599 2319 1605 2386 t

247 2412 386 2476 tinentiis
408 2412 473 2477 suis
495 2413 537 2479 ad
559 2432 635 2479 usus
659 2416 802 2498 ejusdem
825 2418 959 2483 vicariae
982 2421 1012 2483 et
1034 2417 1177 2500 capellae
1198 2412 1312 2481 obtulit
1335 2415 1369 2477 et
1388 2409 1513 2478 donavit
1527 2400 1565 2471 lai
1599 2429 1605 2492 1

249 2523 359 2584 tamen
391 2521 571 2586 conditione
604 2523 738 2605 adjecta,
771 2527 806 2587 ut
835 2526 902 2608 ipse
924 2525 1075 2605 loannes,
1108 2523 1215 2608 quoad
1236 2520 1361 2599 vixerit,
1396 2519 1424 2584 si
1444 2515 1565 2583 varmo
1599 2537 1605 2600 Ι

248 2630 413 2713 contigerit
435 2649 548 2695 vacare
571 2631 759 2714 praelatam,
792 2634 834 2699 ad
868 2633 1004 2699 eandem
1037 2649 1209 2717 personam
1241 2648 1299 2695 seu
1325 2626 1478 2695 vicarium
1496 2638 1567 2711 put·
1599 2621 1605 2710 ι’

249 2739 396 2804 sentandi
418 2758 456 2805 ac
480 2741 611 2806 domum
635 2742 771 2806 eandem
807 2761 879 2807 cum
912 2741 977 2807 suis
1006 2741 1141 2826 juribus
1175 2739 1202 2804 si
1223 2739 1419 2823 prosperitas
1441 2757 1476 2803 se
1493 2728 1566 2800 adil
1601 2730 1605 2744 “

247 2847 405 2927 obtulerit,
440 2850 472 2913 in
495 2851 642 2916 meliores
664 2871 741 2917 usus
763 2852 860 2936 ipsius
881 2852 1016 2917 vicariae
1043 2848 1260 2917 commutandi
1282 2846 1418 2912 liberam
1440 2838 1568 2922 babenti

246 2960 449 3040 potestatem,
472 2963 544 3041 post
566 2961 688 3026 obitum
711 2964 820 3026 autem
842 2960 989 3043 ejusdem
1011 2958 1142 3025 loannis
1163 2955 1290 3022 collatio
1312 2956 1448 3022 vicariae
1468 2967 1568 3019 memo

248 3068 346 3144 ratae,
380 3084 450 3129 cum
474 3086 545 3131 earn
569 3087 683 3133 vacare
706 3071 881 3151 contigerit,
915 3074 1025 3135 nostro
1056 3068 1194 3152 capitulo
1217 3064 1406 3131 remanebit.
1450 3063 1484 3128 ln
1502 3061 1570 3143 cuju

248 3173 292 3238 rei
317 3175 532 3239 testimoninm
566 3177 699 3259 sigillum
734 3182 877 3242 nostrum
914 3177 1136 3260 praesentibus
1170 3179 1218 3239 est
1244 3192 1437 3258 appensum.
1477 3171 1572 3236 Actum

250 3284 282 3346 et
304 3282 413 3347 datum
436 3283 468 3346 in
491 3283 594 3365 vigilia
615 3284 700 3349 beati
710 3283 739 3368 ⁴)
761 3284 918 3366 Thomas,
940 3305 1025 3352 anno
1039 3285 1166 3351 Domini
1187 3282 1356 3349 millesimo
1377 3278 1574 3348 ducentesimo

249 3407 469 3472 nonagesrmo.

251 3656 304 3728 W
357 3572 378 3638 ¹)
398 3574 434 3635 Bl
452 3570 517 3643 leblt
537 3574 565 3627 tn
584 3574 617 3628 A.
646 3603 678 3611 —
709 3573 731 3640 ²)
751 3574 775 3628 A
794 3573 841 3645 bnt
860 3575 888 3630 in
907 3574 1021 3643 capella.
1050 3605 1082 3614 —
1112 3575 1135 3641 ⁸)
1154 3575 1178 3629 A
1198 3574 1245 3645 bnt
1263 3573 1384 3629 babebit.
1416 3602 1449 3612 -
1478 3564 1574 3638 *ΗΜ

263 3673 275 3713 e
306 3660 364 3714 tin
384 3661 417 3714 A.
1601 3666 1603 3683 '

250 4111 327 4180 ³02.
352 4150 388 4162 -
412 4113 638 4196 nonteotrtd,
661 4117 1015 4204 rasomonorum.

419 4247 484 4314 iter
507 4246 624 4332 iiidice
647 4249 807 4333 gebennen
841 4252 900 4318 unt
934 4252 980 4319 tic
1003 4250 1217 4337 bononianos
1254 4270 1289 4336 pt
1311 4247 1513 4321 nuorenbere
1538 4244 1571 4313 a·

422 4354 544 4435 turben
578 4355 636 4435 tob
659 4358 764 4440 diora,
795 4359 841 4426 bio
863 4359 986 4441 dodran
1018 4358 1070 4426 ner
1106 4360 1308 4440 oetlotbenen
1336 4361 1456 4431 tillieto
1476 4350 1571 4429 mlo

424 4482 483 4531 oon
516 4465 714 4550 &berehorn
747 4467 800 4548 ont
834 4468 897 4533 eine
929 4467 976 4551 ibt
1009 4486 1078 4535 nom
1110 4468 1224 4548 ittoitet
1250 4469 1367 4548 idirilet
1399 4489 1435 4555 pr
1465 4461 1571 4545 ronan

426 4572 561 4658 bonurn
594 4575 654 4642 unt
688 4574 747 4654 bob
779 4575 847 4659 oud)
881 4576 944 4660 itte
966 4576 1086 4646 briter
1117 4578 1283 4662 autemnon
1315 4579 1372 4646 mit
1404 4578 1452 4663 ibt
1475 4569 1572 4657 duilli

422 4680 511 4765 llcdt
543 4701 583 4750 on
616 4684 679 4750 tem
712 4701 771 4750 oon
805 4683 899 4767 ibren
921 4683 1015 4752 linter
1049 4705 1089 4752 on
1111 4686 1167 4753 tos
1189 4685 1303 4767 tttotter
1324 4685 1494 4770 netlouttm
1512 4676 1572 4751 urit

423 4786 587 4874 bmpebott
608 4791 755 4876 serviunt
776 4790 879 4875 boten.

516 4920 648 4995 Drlplnoi
667 4926 704 4981 ivn
723 4923 919 4997 &absurdior
936 4923 1052 4997 illicitet.
