3210 5354
247 274 309 341 128
878 282 949 339 1286

244 453 312 526 126.
333 488 376 504 -
397 450 589 533 berctrid,
611 450 705 532 1286,
727 449 804 523 lltrl
824 449 877 522 ab.

411 582 527 668 illiniri
540 583 663 652 Rontob
685 601 745 651 oon
760 581 934 650 Dinobttld
955 579 1088 663 rennuit
1109 581 1241 663 propter
1262 580 1431 661 urgentem
1451 574 1557 641 necem

411 696 521 772 tatem,
554 711 617 776 que
640 692 732 757 nobis
763 694 795 756 et
822 691 953 756 ecclesie
974 692 1082 754 nostre
1103 707 1143 753 ex
1165 688 1255 770 parte
1277 686 1371 751 castri
1394 684 1425 749 in
1446 684 1557 749 Rienen

411 801 550 885 berge1)
572 798 648 866 tunc
674 799 826 882 temporis
857 798 1053 877 imminebat,
1085 797 1141 865 mit
1182 794 1390 880 guttimrnung
1419 793 1470 861 bct
1489 792 1556 858 bon

411 908 548 992 scorteu,
570 908 620 976 bet
637 907 859 988 litinittetioten
881 908 942 974 onb
965 906 1017 974 bet
1033 905 1155 989 burget
1175 921 1235 972 oon
1256 902 1429 971 Danobrtid
1450 899 1556 969 eintrb

411 1020 444 1087 in
466 1018 690 1105 blotenbotw
720 1019 762 1084 ad
783 1016 926 1082 orberam
954 1013 1084 1081 ecclesie
1107 1017 1214 1079 nostre
1237 1014 1447 1095 spectantem,
1478 1028 1511 1077 on
1527 1008 1557 1074 bit

412 1127 604 1196 nanciscerer
626 1129 748 1213 blisger
769 1127 896 1212 iunget,
918 1125 972 1193 ben
996 1124 1088 1210 &obn
1115 1122 1166 1191 bet
1187 1120 1328 1207 idrtgibo,
1349 1120 1411 1188 aab
1432 1117 1557 1199 bemont

412 1257 469 1306 oon
492 1238 605 1321 ilburg.

509 1370 648 1429 (brbrudtz
668 1368 758 1441 libelli.
777 1367 861 1427 Uadi.
879 1368 931 1435 111,
949 1365 999 1423 itt.
1019 1366 1096 1422 1309.

352 1541 373 1608 ¹)
393 1539 543 1611 liteineberg
562 1538 604 1595 bet
623 1535 755 1595 cornere.
785 1566 817 1574 -
848 1534 870 1603 ²)
898 1531 1073 1603 illatenbori,
1091 1531 1190 1588 litator
1208 1529 1296 1587 itone
1315 1530 1391 1586 eines
1409 1528 1513 1597 {bulci
1528 1523 1558 1579 to

245 1627 386 1699 ttionemn.
414 1627 506 1698 pirae
534 1628 571 1683 lm
599 1624 685 1695 stript.
715 1622 764 1680 &a
793 1618 1140 1693 borborirremflsnobttitt.
1186 1617 1229 1677 db
1253 1616 1364 1690 bonbelt
1391 1615 1436 1686 aa
1463 1629 1503 1671 nn
1524 1611 1558 1667 tn

244 1716 364 1786 [piretro
383 1712 573 1785 monenieiber
591 1710 646 1782 poi
665 1710 706 1767 bet
725 1708 890 1780 „iitosstou‘t

243 2012 312 2080 tol.
334 2049 376 2060 —
398 2007 590 2090 uincitis,
612 2009 706 2090 1286,
727 2006 814 2087 brot
835 2007 887 2078 22.

412 2146 478 2213 lber
500 2142 607 2210 aerior
629 2142 679 2209 ber
702 2140 821 2224 nepeta
843 2138 985 2223 lbilbebn
1014 2139 1076 2206 unt
1105 2138 1152 2206 bie
1174 2135 1357 2220 bisontium
1388 2133 1440 2202 bea
1460 2127 1560 2215 beliab

413 2249 665 2331 (bribcbotpitots
698 2268 732 2332 pr
754 2248 937 2328 Danobtsut,
968 2247 1097 2314 &nebat
1128 2245 1297 2329 itidtering
1327 2242 1390 2310 nni
1415 2240 1560 2320 auidam

411 2379 470 2429 oon
486 2358 623 2439 bonetto,
646 2357 786 2425 belenum
803 2356 855 2439 itit
871 2357 934 2423 eine
955 2374 1021 2439 gum
1033 2352 1226 2436 borboriani
1248 2352 1337 2437 tinen
1358 2369 1417 2419 oon
1430 2340 1561 2429 dliirbtb

412 2468 463 2536 ber
497 2468 620 2549 bodies
652 2468 703 2534 ber
724 2463 883 2550 beitnigis
915 2464 1106 2548 itidotbing,
1139 2462 1278 2547 gegebene
1313 2458 1500 2540 (babianum
1525 2452 1561 2518 ta

414 2575 563 2657 utilobetb
587 2576 648 2641 nnb
670 2575 724 2641 ben
748 2573 891 2657 bibrata
913 2574 964 2641 bea
978 2573 1113 2655 belnaio
1135 2570 1368 2656 onobetgteine
1390 2568 1443 2651 oni
1463 2568 1561 2636 nebu

414 2687 466 2769 neit
487 2687 514 2767 je
536 2685 556 2749 8
579 2682 707 2767 &debet
730 2681 854 2767 liugom
876 2682 982 2765 tielern
1003 2702 1037 2767 gu
1061 2682 1176 2749 molen.

510 2815 658 2887 Drigtnolz
678 2815 854 2887 &tantumno
873 2815 1011 2886 (bromme
1030 2814 1218 2886 &tiltvrngenl

371 2936 436 3001 Nos
460 2934 678 3000 Willehelmus
700 2937 804 3020 rector
837 2934 956 3016 capelle
989 2953 1026 2999 ac
1048 2935 1218 3001 vaederus
1240 2935 1426 3017 Richtering
1447 2937 1478 2999 et
1497 2926 1563 3007 un
1595 2896 1599 2925 Ι

247 3064 385 3111 mannus
408 3045 509 3109 dictus
533 3044 573 3108 de
594 3043 729 3109 Loveslo
759 3043 938 3125 provisores
960 3042 1123 3126 hospitalis
1146 3046 1244 3109 sancti
1267 3043 1402 3127 Spiritus
1424 3039 1564 3107 Osnabur·

245 3154 350 3234 gensis
372 3158 482 3217 tenore
503 3153 698 3233 presentium
722 3154 986 3233 recognoscimus,
1008 3174 1067 3219 nos
1090 3154 1130 3218 ab
1146 3152 1317 3238 Elysabeth
1341 3153 1404 3217 tilia
1425 3147 1563 3235 quondm

245 3261 436 3345 Heylewigis
459 3261 540 3325 dicte
563 3261 757 3343 Richarding
778 3262 819 3326 ad
842 3281 919 3326 usus
940 3263 1012 3328 dicti
1035 3262 1198 3346 hospitalis
1221 3264 1331 3327 decern
1355 3279 1480 3326 marcas
1499 3258 1565 3337 leva·

243 3370 319 3433 lium
343 3370 559 3447 denariorum,
595 3389 675 3451 quas
707 3370 738 3433 in
773 3372 965 3452 emptionem
1001 3391 1157 3435 novorum
1190 3388 1338 3452 agrorum
1372 3370 1415 3435 ab
1449 3360 1565 3433 Atharrlo

244 3478 406 3559 penesiico
422 3479 679 3560 comparatorum
697 3478 921 3557 convertimur,
943 3480 1119 3560 recepisse;
1142 3470 1199 3562 pro
1213 3479 1328 3562 quibus
1346 3479 1457 3544 decern
1476 3468 1566 3541 marris

247 3586 394 3651 dabimus
417 3588 458 3651 ab
481 3587 594 3650 eodem
618 3585 765 3666 hospitali
786 3585 959 3670 Elysabeth
992 3587 1115 3669 pretate
1140 3593 1171 3652 et
1193 3590 1318 3653 duabus
1341 3589 1465 3654 liliabus
1485 3598 1565 3669 quon·

246 3696 322 3759 dam
345 3694 461 3758 Hinrici
484 3695 556 3758 dicti
578 3695 619 3757 de
633 3693 805 3775 Bergveine
818 3695 952 3780 Albeydi
976 3696 1119 3761 videlicet
1141 3701 1172 3762 et
1200 3697 1335 3762 Accolen
1359 3716 1468 3762 earum
1490 3693 1564 3759 niun

246 3802 373 3869 cuilibet
397 3803 549 3884 quamdiu
581 3802 714 3866 vixerint
736 3807 808 3867 octo
839 3804 964 3868 modios
986 3824 1064 3886 pure
1086 3806 1214 3887 siliginis
1236 3826 1293 3888 per
1313 3806 1476 3872 dimidiam
1496 3817 1566 3869 men·

246 3929 353 3976 suram
378 3910 496 3974 eisdem
521 3911 653 3975 anobis
676 3913 804 3976 siveab
827 3914 894 3976 aliis
918 3914 1061 3996 ejusdcm
1093 3915 1255 3998 hospitalis
1277 3917 1500 3997 provisoribus,
1525 3902 1565 3992 qui

246 4040 305 4103 pro
327 4022 473 4100 tempore
496 4018 621 4095 suerint,
652 4020 683 4082 in
716 4020 817 4099 vigilia
848 4022 930 4084 beati
953 4020 1078 4084 Martini
1109 4022 1188 4086 inira
1210 4023 1420 4106 Oscnbrugge
1442 4018 1565 4107 expedite

247 4128 315 4191 sine
338 4127 522 4191 ditiicullate
546 4126 688 4208 qualibet
715 4127 807 4189 annis
830 4127 959 4209 singulis
981 4130 1225 4210 persolvcnrlos3
1259 4151 1323 4196 una
1345 4137 1453 4197 autem
1476 4139 1564 4196 carunl

247 4234 396 4300 defuncta
417 4238 489 4300 octo
512 4235 617 4311 modii,
640 4235 738 4298 altera
761 4253 836 4298 vcro
858 4235 899 4298 de
921 4236 1027 4299 medio
1042 4238 1169 4302 sublata
1187 4239 1260 4303 item
1276 4245 1348 4305 octo
1363 4242 1469 4319 modii,
1490 4233 1567 4304 tercia

246 4362 375 4427 quoquc
399 4345 481 4407 viam
504 4344 640 4406 universi
672 4345 774 4407 carnis
809 4345 950 4425 ingressa
980 4346 1090 4429 reliqui
1120 4352 1191 4412 octo
1215 4350 1312 4413 modii
1335 4350 1420 4416 dicto
1441 4338 1566 4432 hospitali

247 4452 406 4515 vacabunt
429 4450 526 4514 libere
549 4455 580 4513 et
602 4451 758 4515 absolute.
789 4451 910 4515 Dictam
935 4457 1042 4517 autern
1064 4473 1225 4519 annonam
1248 4459 1305 4540 ipsi
1322 4457 1493 4542 Elysabeth
1512 4470 1568 4539 pre·

246 4563 453 4630 senlabimus.
497 4564 530 4626 Si
552 4583 627 4627 vero
650 4563 719 4647 ipsa
742 4581 806 4626 non
830 4561 922 4626 fuerit
943 4562 1010 4626 aliis
1033 4565 1168 4642 (luobus,
1200 4566 1224 4628 si
1248 4569 1488 4648 supervixerint,
1517 4558 1569 4627 cui‘

246 4671 322 4736 libet
344 4690 453 4736 earum
476 4675 548 4736 octo
571 4672 694 4737 modios
706 4671 894 4737 debebimus
906 4675 1101 4753 presentare.
1135 4672 1170 4736 ln
1192 4675 1281 4756 quus
1304 4676 1348 4739 rei
1371 4672 1571 4741 testimonium

245 4779 395 4864 sepedicti
428 4779 593 4862 hospitalis
636 4781 769 4862 sigillum
811 4781 959 4845 duximus
994 4781 1195 4864 presentibus
1227 4786 1468 4867 apponendum.
1517 4779 1574 4863 inv

246 4905 375 4975 quoque
397 4886 544 4955 Hiuricus
575 4887 676 4953 dictus
708 4888 749 4954 de
779 4888 978 4969 Steuvordia,
1005 4891 1105 4974 judex
1127 4890 1394 4976 Osnaburgensis,
1429 4894 1503 4980 quia
1523 4889 1577 4955 lec
