3210 5354
766 325 835 382 1294

301 489 429 559 dodras
451 491 485 560 io
506 490 557 560 ber
578 489 769 574 bouerttbott
791 490 978 577 bobbetgm,
1010 491 1108 573 bctdbt
1128 490 1187 560 boo
1209 490 1290 561 debe
1323 490 1389 560 ubet
1414 488 1446 556 ott

299 597 435 682 debogut
467 599 531 668 bem
564 599 666 668 aum
696 599 857 685 Sabotam
888 619 948 668 ooo
980 598 1157 682 tiodtabcu,
1190 598 1312 684 recidet
1343 610 1373 667 ct
1400 615 1446 665 uua

302 706 415 788 ittoitct
438 707 551 793 getoutt
572 708 660 794 botta

397 841 528 915 Drigtuat
546 845 622 915 (glori
640 842 889 916 dubferttgungea)
908 843 945 899 tm
963 841 1159 913 &ttftdotdriuc
1177 838 1288 913 tidtftet
1310 841 1346 910 (A
1359 838 1444 903 matut

259 959 426 1025 Conradus
447 960 505 1026 Dei
526 962 631 1044 gracia
652 960 908 1043 Osnaburgensis
937 959 1068 1026 ecclesie
1090 958 1272 1042 episeopus.
1316 958 1444 1037 Quonim

133 1065 276 1132 omnium
309 1067 430 1133 habere
460 1069 648 1134 memoriam
690 1068 800 1151 pocius
841 1071 889 1132 est
922 1065 1091 1132 divinitatis
1128 1083 1228 1149 quam
1260 1064 1444 1138 humanitati,

135 1175 288 1240 conscribi
310 1174 443 1241 iacimus
464 1195 503 1241 ea
525 1195 588 1258 que
611 1196 718 1243 coram
740 1175 833 1240 nobis
866 1178 1013 1258 aguntur,
1047 1193 1088 1240 ne
1121 1173 1274 1239 oblivioni
1301 1172 1443 1238 tradantur.

133 1283 252 1348 Notum
274 1284 367 1366 igitur
389 1303 460 1349 esse
482 1284 629 1351 volumus
663 1284 817 1350 universis
850 1282 967 1350 Christi
999 1282 1145 1349 fidelibus
1177 1284 1246 1347 tam
1274 1280 1444 1367 presentibus

134 1409 230 1474 quam
252 1389 373 1469 tuturis,
408 1392 495 1475 quod
528 1411 588 1457 nos
621 1392 777 1459 decimam
801 1392 915 1458 domus
939 1391 1124 1471 Werecen·)
1145 1394 1179 1455 et
1203 1389 1320 1456 domus
1342 1384 1444 1454 Helnici

133 1502 166 1563 et
187 1499 281 1564 trium
303 1517 449 1565 casarum
472 1499 504 1565 in
526 1500 599 1565 villa
609 1500 742 1584 Langen
764 1501 795 1565 in
815 1500 1192 1584 parrochiaBadbergen,
1215 1517 1315 1582 quam
1331 1496 1444 1562 videlicet

133 1607 289 1674 decimam
313 1608 462 1674 Gerlacus
495 1609 597 1674 dictus
630 1609 671 1675 de
692 1608 870 1674 Vulvethen
903 1608 1075 1694 famulusl)
1107 1608 1147 1672 de
1181 1596 1282 1671 manu
1312 1602 1444 1670 nostruin

134 1717 228 1783 feodo
255 1718 367 1798 tenuit,
400 1737 498 1802 quam
531 1718 626 1783 etiam
659 1719 691 1783 in
724 1737 840 1783 manus
871 1721 997 1783 nostras
1027 1714 1208 1798 resignavit,
1242 1713 1286 1779 ad
1319 1713 1444 1778 honorem

135 1825 230 1911 Dei,⁰)
261 1826 355 1890 beate
376 1824 474 1890 Maria
496 1826 653 1909 genitricis
685 1826 830 1911 ejusdem
863 1829 895 1890 et
927 1823 1175 1909 adpetitionem
1198 1822 1321 1888 Gerlaci
1341 1815 1445 1904 predicti

133 1951 198 1998 una
221 1951 293 1999 cum
315 1935 511 2017 proprietate
532 1934 654 2000 decime
677 1935 848 2018 predicte.
872 1985 880 2001 .
902 1933 1064 2001 abbatisse
1086 1981 1095 2000 .
1118 1980 1126 1997 .
1147 1931 1313 2015 preposito
1344 1932 1374 1994 el
1391 1945 1445 1993 con

133 2042 242 2104 ventui
274 2041 306 2105 in
327 2040 472 2106 Borstelo
506 2040 652 2107 dedimus
680 2041 788 2127 jnret)
819 2043 975 2125 perpetuo
1007 2038 1247 2122 possidendam,
1286 2037 1445 2121 recipientes

135 2151 244 2212 tamen
266 2166 324 2231 pro
345 2150 507 2232 sepedicta
528 2151 651 2215 decima
672 2170 710 2216 ac
732 2152 800 2235 ejus
821 2149 1014 2234 proprietate
1036 2168 1056 2214 a
1076 2146 1225 2232 predictis
1248 2199 1257 2214 .
1281 2199 1289 2214 .
1310 2145 1446 2213 abbatissa

135 2256 280 2321 videlicet
303 2308 309 2322 .
334 2307 341 2321 .
363 2258 526 2341 preposito
549 2262 582 2323 et
602 2262 761 2324 conventu
792 2259 1019 2342 proprietatem
1034 2256 1330 2341 cujusdamdomus
1349 2259 1379 2322 in
1397 2252 1448 2318 villa

136 2365 383 2448 Badbergensi0)
406 2367 552 2430 etunius
574 2385 647 2433 case
679 2367 762 2432 dicte
795 2366 903 2431 domui
935 2364 1106 2444 attinentis,
1139 2384 1202 2448 que
1228 2365 1344 2432 domus
1364 2362 1449 2430 didtur

135 2472 294 2551 Mennim,
317 2472 358 2537 ad
381 2492 457 2538 usus
479 2478 606 2540 nostros
628 2478 661 2539 et
682 2479 790 2540 nostre
813 2474 944 2540 ecclesie
959 2476 1030 2558 jure
1056 2473 1221 2540 concanbii
1242 2472 1449 2558 pertinendum.

136 2582 176 2646 Et
198 2582 429 2662 nichilominus,
461 2601 534 2648 cum
555 2582 719 2649 lohannes
741 2582 842 2648 dictus
865 2581 905 2646 de
927 2581 1126 2647 Bochrodem
1148 2583 1267 2667 unless)
1291 2580 1448 2667 jamdictum

138 2692 270 2756 domum
291 2690 440 2757 Manninc
462 2692 494 2756 in
515 2691 704 2775 Badbcrgen
726 2695 757 2756 et
779 2709 888 2756 casam
915 2691 1101 2775 jamdictam
1124 2692 1166 2757 ab
1189 2741 1198 2758 .
1221 2742 1229 2758 .
1252 2693 1449 2759 abbatissa..

137 2799 297 2882 preposito
321 2801 352 2862 et
372 2801 531 2864 conventu
564 2798 732 2881 sepedictis
765 2799 967 2885 emptionisss)
989 2799 1117 2882 titulos)
1144 2801 1383 2884 comparaverit,
1408 2795 1449 2862 sibi

137 2907 350 2973 concessimus
383 2907 415 2971 in
448 2907 542 2973 feodo
575 2908 802 2991 possidendam
835 2910 867 2972 et
900 2907 981 2972 veris
1013 2907 1185 2973 heredibus
1217 2909 1285 2974 suis
1306 2909 1377 2992 post
1395 2919 1448 2970 eun

137 3014 334 3080 decrevimus
355 3013 603 3080 concedendam.
648 3014 765 3080 Datum
787 3020 819 3081 et
841 3019 947 3081 actum
978 3035 1063 3082 anno
1085 3015 1211 3082 Domini
1233 3017 1353 3084 M⁰CC⁰
1372 3029 1450 3081 nonu·

137 3124 257 3204 gesimo
280 3126 404 3206 quarto,
437 3121 514 3187 seria
537 3121 633 3187 tercia
654 3127 728 3188 ante
750 3125 866 3189 festum
888 3125 973 3189 beati
995 3123 1121 3189 Martini
1142 3124 1294 3208 episcopi,
1323 3118 1451 3209 present·

139 3231 235 3316 husu)
259 3281 266 3295 .
290 3280 297 3294 .
319 3231 481 3314 preposito
503 3229 543 3294 de
560 3229 779 3313 Malagarden,
802 3283 809 3299 .
834 3284 841 3298 .
864 3233 1025 3316 preposito
1046 3231 1162 3298 Montis
1184 3237 1296 3298 sancte
1313 3227 1450 3299 Gertrud'u

140 3340 265 3423 virginis
287 3342 505 3404 extramuros
527 3339 801 3423 Osnaburgenses,
824 3340 953 3406 domino
971 3339 1099 3406 Hinrico
1121 3338 1161 3405 de
1174 3339 1348 3425 Handorpe
1369 3353 1452 3404 sacer·

140 3449 226 3526 dote,
249 3448 378 3513 domino
400 3448 529 3513 Hinrico
551 3448 634 3513 dicto
655 3448 854 3532 Kersecorpb
876 3449 1014 3531 plebano
1035 3449 1067 3514 in
1084 3448 1265 3532 Loningen3
1287 3449 1404 3515 Hinrico
1420 3443 1453 3507 de

139 3556 237 3635 Lone,
258 3555 452 3621 Helenberto
474 3555 557 3622 dicto
579 3558 620 3621 de
642 3556 749 3635 Horst,
783 3556 919 3622 Willone
942 3556 1049 3638 dictoi)
1072 3559 1113 3622 de
1133 3557 1283 3624 Smerten
1313 3554 1453 3622 militibus;

141 3663 286 3729 iohanne
308 3663 391 3729 dicto
413 3664 551 3748 Luscol)
574 3669 606 3728 et
627 3664 694 3729 aliis
728 3683 824 3746 quam
857 3664 1000 3747 pluribus
1032 3664 1247 3731 castrensibus
1274 3667 1305 3731 in
1328 3663 1454 3743 Quaen·

140 3772 263 3853 brugen
285 3771 495 3856 fidedignis.¹¹)

265 3901 335 3968 aar
358 3902 465 3985 eleget
487 3920 527 3969 on
549 3902 580 3965 A
602 3901 635 3981 iit
657 3919 716 3968 corr
739 3902 803 3969 bem
825 3913 883 3968 out
906 3903 955 3969 ber
978 3902 1114 3971 Uctuobc
1137 3903 1347 3988 geldnittcncn
1361 3903 1454 3987 baur

141 4008 337 4090 mentittciteo
359 4009 520 4094 ubgcfutlen
532 4030 540 4091 ;
573 4028 613 4076 oo
637 4009 671 4072 B
692 4010 784 4091 bdogt
806 4019 838 4075 er
861 4009 1018 4093 beldibigt
1040 4011 1094 4077 mit
1118 4011 1282 4098 btitdltcget
1304 4032 1351 4082 oo.

247 4191 274 4256 a)
293 4191 444 4244 Werencen
462 4192 497 4244 B.
517 4221 548 4228 -
569 4190 597 4255 b)
616 4189 745 4243 Gerlacus
764 4189 880 4242 famulus
899 4190 987 4244 dictus
1006 4189 1070 4258 tutta.
1089 4192 1124 4244 B.
1155 4222 1187 4231 -
1216 4196 1242 4260 c)
1262 4196 1314 4249 Dei
1333 4199 1359 4249 et
1375 4193 1403 4244 B.
1425 4206 1449 4219 ‘

142 4279 171 4345 d)
189 4275 254 4347 tebit
272 4278 307 4331 B.
336 4308 368 4314 -
398 4278 425 4343 e)
444 4276 605 4344 Badbcrgen
624 4277 658 4329 B.
696 4306 728 4312 —
766 4276 790 4342 t)
808 4278 943 4332 lohannes
962 4279 1039 4333 miles
1057 4280 1146 4334 dictas
1165 4282 1199 4334 de
1219 4281 1359 4337 Bokroden
1376 4279 1403 4332 Β.
1425 4291 1450 4305 ‘

141 4366 173 4434 g)
192 4365 310 4419 denariis
328 4363 383 4418 suis
401 4364 435 4416 B.
466 4392 497 4399 -
535 4362 563 4427 b)
582 4363 610 4415 B
629 4403 634 4413 .
656 4403 661 4414 .
680 4362 819 4428 preposito
837 4364 871 4417 de
889 4365 982 4418 llonte
1001 4372 1093 4419 sancte
1113 4367 1268 4436 Gertrudis,
1288 4411 1294 4424 .
1316 4356 1452 4437 premam

142 4455 176 4507 de
194 4452 387 4520 ldalegarden3
415 4448 527 4502 Hinrico
547 4448 579 4502 de
599 4449 681 4513 Leno,
701 4447 867 4504 Helenberto
886 4451 919 4504 de
939 4452 1031 4517 Horat,
1058 4453 1178 4508 Willone
1203 4453 1278 4509 dicto
1303 4455 1335 4509 de
1352 4448 1452 4507 Smertess

142 4540 291 4607 militibus;
310 4537 416 4593 domino
429 4533 540 4590 Hinrico
560 4534 633 4588 dicto
652 4535 685 4587 de
699 4533 843 4601 Hondorpe
862 4538 1011 4603 sacerdote,
1031 4538 1138 4593 domino
1156 4540 1271 4596 Hinrico
1290 4542 1360 4596 dicto
1376 4536 1452 4592 liet-‘²'

143 4627 203 4681 corf
227 4626 341 4695 plebano
369 4624 396 4678 in
424 4619 575 4686 huningen,
603 4621 744 4675 Gerhardo
770 4621 843 4676 dicto
871 4623 904 4677 de
922 4625 1050 4691 Werven‚
1077 4626 1201 4682 Johanne
1220 4628 1296 4684 dicto
1313 4629 1399 4682 Lusco.
1428 4630 1453 4645 ²

143 4715 165 4783 i)
184 4712 267 4769 babor
285 4710 391 4767 domino
410 4708 510 4781 grtitpt.
531 4738 562 4746 -
583 4708 612 4773 k)
632 4707 891 4776 Suprascriptionem
910 4710 1086 4778 approbamus
1104 4712 1132 4766 in
1151 4714 1279 4771 Borstelo
1298 4712 1420 4770 videlicet·
