3210 5354
778 348 848 402 ress
871 313 872 316 Ὺ
1419 327 1485 393 325

157 512 244 580 xoris
266 531 324 578 sue
347 512 492 591 cristine,
514 513 658 595 Srederi,
680 513 760 598 Lyso
783 517 815 579 et
835 512 1022 595 Engebadis
1044 514 1216 596 parentum
1239 529 1383 591 suorum,
1405 528 1482 577 oon·
1578 521 1581 525 ’

157 619 207 685 ulit
228 620 350 704 capelle
372 623 473 688 sancti
494 621 585 688 Pauli
607 622 845 705 osnaburgensi
867 620 974 703 viginti
1005 639 1130 686 marcas
1152 619 1355 685 denariorum
1379 619 1485 685 Osna·

157 729 343 812 urgensium
367 735 399 796 et
419 730 625 798 Hermannus
647 733 749 798 dictus
772 729 910 813 Dvarigb
941 729 1040 794 laicus
1062 727 1170 810 viginti
1192 746 1317 793 marcas
1340 728 1485 812 ejusdem

157 840 267 902 nonete
288 856 347 921 pro
369 838 471 904 salute
493 840 600 904 anime
622 859 689 918 sue,
722 837 898 903 Hermanni
919 855 957 901 ac
978 835 1129 920 Atheydis
1158 838 1330 918 parentum
1352 852 1484 901 suorum

157 944 455 1028 idcomparandum
477 947 634 1013 decimam
659 948 796 1013 duarum
819 946 989 1012 domomm
1012 943 1044 1008 in
1058 944 1130 1008 vilia
1147 941 1381 1029 Haverbelre,¹)
1403 962 1484 1026 quas

157 1051 317 1119 ubabitant
350 1054 516 1120 Wescelus
550 1056 591 1122 de
624 1054 719 1122 Hude
752 1060 783 1122 et
816 1055 983 1132 Henricus,
1027 1057 1059 1118 et
1090 1053 1227 1118 duarum
1259 1052 1431 1118 domomm
1452 1052 1485 1118 in

157 1158 334 1249 darpena,¹)
366 1182 447 1246 quas
480 1164 657 1230 inhabitant
683 1165 873 1230 [ambertus
904 1162 987 1227 filius
1010 1161 1142 1226 Aihardi
1174 1180 1213 1227 ac
1235 1161 1418 1228 Gerhardus
1452 1163 1484 1228 in

157 1269 303 1351 ¹rarrucbia
326 1271 473 1352 Damme,
494 1276 544 1337 set
565 1272 681 1338 domus
702 1273 777 1340 dicti
799 1272 953 1340 Gerhardi
975 1273 1064 1337 dabit
1092 1275 1217 1337 tantum
1240 1272 1332 1337 annis
1353 1270 1484 1355 singulis

157 1394 200 1461 pro
217 1379 440 1463 redemptione
462 1379 585 1445 decime
607 1380 688 1445 duos
711 1381 839 1460 solidos,
862 1384 895 1445 et
917 1383 1054 1464 quatuor
1076 1381 1246 1445 domomm
1269 1379 1300 1445 in
1316 1379 1485 1463 parrochia

157 1482 352 1574 itenrelde,⁸)
373 1487 491 1554 scilicet
513 1488 671 1554 decimam
695 1490 780 1555 curie
801 1491 833 1554 in
855 1488 1048 1574 Salveide,⁴)
1071 1507 1169 1573 quam
1192 1488 1348 1554 inhabitat
1365 1489 1483 1566 Reme,

157 1610 183 1658 rc
208 1595 300 1660 trium
334 1596 504 1662 domorum
538 1597 570 1660 in
605 1595 678 1661 vilia
711 1596 960 1682 oldendorpe‚⁶)
1004 1596 1148 1662 videlicet
1182 1595 1339 1662 decimam
1368 1595 1483 1661 domus

157 1699 290 1768 iohannis
312 1702 465 1782 Oidebur,
487 1703 615 1770 Henrici
636 1705 725 1771 Rufii
746 1724 784 1771 ae
803 1705 958 1771 Gerbardi
979 1705 1107 1784 ibidem,
1130 1705 1316 1770 sordemus
1339 1705 1482 1786 ejusdem

157 1806 293 1877 tehmdi
314 1812 417 1878 solvet
437 1814 562 1877 tantum
586 1832 645 1896 pro
666 1814 888 1898 redemptione
916 1815 1039 1879 decime
1061 1813 1142 1878 duos
1163 1811 1282 1878 solidos
1304 1813 1482 1880 annuatim.

157 1914 189 1981 iit
204 1919 293 2002 ip'tur
313 1920 415 2004 pietas
441 1919 637 2003 respondeat
667 1920 787 2003 pietati,
820 1924 924 1988 rector
957 1921 1101 2005 ejusdem
1136 1920 1256 2002 capelle
1289 1921 1320 1985 in
1353 1921 1484 2004 singulis

157 2026 242 2092 missis
261 2033 335 2113 aget
357 2028 545 2094 nominatim
568 2030 780 2112 predictorum
805 2030 993 2096 memoriam
1016 2033 1084 2094 tam
1105 2030 1251 2095 vivorum
1275 2048 1372 2113 quam
1396 2048 1483 2095 mor-

157 2134 275 2217 tuorum,
297 2139 379 2204 sicut
401 2138 502 2218 decet,
524 2139 566 2204 ad
589 2140 676 2221 quod
698 2160 733 2205 se
749 2144 852 2205 rector
863 2140 1004 2223 predicte
1015 2137 1136 2222 capelle
1152 2143 1183 2203 et
1194 2158 1270 2205 suos
1282 2158 1481 2206 successores

157 2238 381 2330 inperpetuum
404 2246 554 2328 obligarit
580 2251 612 2312 et
644 2251 738 2313 emnt
767 2247 938 2332 participes
971 2248 1114 2312 omnium
1149 2247 1317 2326 bonomm,
1353 2266 1416 2332 que
1449 2249 1481 2314 in

157 2351 248 2419 erdem
281 2355 406 2439 capella
437 2359 594 2439 perpetuo
625 2355 694 2421 fieri
727 2357 944 2428 dinoscuntur.
998 2355 1149 2422 Preterea
1182 2355 1253 2422 Oda
1285 2358 1481 2441 procuratrix

157 2452 309 2527 Hermanni
343 2461 483 2545 Dvarigb
520 2462 692 2546 supradicti
735 2463 866 2529 contulit
908 2462 1020 2527 decem
1064 2481 1189 2528 marcas
1221 2463 1480 2546 Osnaburgensis

158 2574 268 2635 monete
300 2570 343 2635 ad
374 2570 477 2654 ipsam
512 2569 669 2637 decimam
702 2569 963 2655 comparandam,
1006 2590 1066 2654 pro
1099 2572 1215 2655 quibus
1247 2574 1353 2638 rector
1382 2572 1480 2656 ipsius

157 2676 256 2759 repelle
278 2678 367 2746 dabit
389 2679 493 2744 eidem
509 2679 580 2745 Ode
596 2680 687 2745 annis
709 2679 847 2761 singulis,
872 2678 1025 2762 quamdiu
1042 2680 1163 2758 vixerit,
1185 2679 1249 2745 duo
1271 2680 1379 2746 moitia
1399 2699 1479 2764 pure

157 2781 266 2868 idiginis
287 2807 348 2872 per
359 2787 522 2854 dimidiam
544 2806 728 2854 mensuram
741 2787 1022 2869 osnaburgensem
1049 2786 1081 2851 in
1103 2786 1183 2853 festo
1204 2787 1372 2852 beatorum
1394 2805 1480 2852 mar·

157 2889 231 2960 iinrm
251 2895 387 2981 Crispini
410 2901 442 2962 et
464 2896 663 2980 Crispiniani,
697 2898 730 2962 in
752 2914 953 2980 quacumque
975 2894 1146 2961 domorum
1174 2894 1206 2960 in
1228 2895 1352 2960 civitate
1375 2893 1481 2961 Osna·

157 2997 283 3087 burgensi
314 3006 519 3073 residentiam
554 3005 661 3071 fecerit
692 3005 905 3089 personalem,
939 3024 1004 3087 qua
1037 3004 1190 3069 defuncta
1212 3007 1317 3068 rector
1337 3005 1479 3088 predicte

157 3112 254 3192 omne
274 3118 348 3195 aget
369 3113 560 3179 memoriam
581 3113 689 3197 ipsius,
715 3114 804 3180 sicuti
826 3114 960 3179 aliorum
982 3112 1218 3195 premissorum.
1268 3111 1368 3177 Porro
1390 3112 1480 3178 Hen-

157 3215 220 3284 n'cus
239 3221 340 3288 dictus
363 3222 431 3289 Buc
452 3223 598 3300 iamulus,
631 3222 839 3306 Hildegundis
871 3240 952 3286 uxor
985 3240 1053 3300 sua,
1089 3220 1250 3305 Aibeydis,
1287 3220 1476 3302 Clementia,

158 3323 288 3415 biheydis
310 3350 350 3397 ac
371 3349 484 3397 omnes
505 3331 640 3397 heredes
663 3333 804 3415 ipsomm
836 3331 870 3396 in
892 3332 1000 3395 nostra
1021 3330 1181 3412 presentia
1202 3331 1363 3396 constituti
1384 3330 1477 3397 nobis

158 3428 234 3502 libere
264 3440 505 3522 resignaverunt
542 3439 699 3504 decimam
734 3443 956 3506 memoratam.
1005 3436 1077 3515 Quo
1110 3437 1192 3503 iacto
1226 3438 1415 3504 contulimus
1448 3443 1480 3503 et

159 3547 336 3620 presentibus
353 3547 558 3627 conterinus,
583 3549 664 3613 sicut
680 3547 794 3626 decuit,
816 3547 1010 3630 sepedictam
1034 3546 1191 3610 decimam
1206 3549 1239 3610 et
1252 3546 1479 3630 proprietatem

159 3645 233 3730 ipsius
252 3675 325 3721 cum
348 3654 498 3721 omnibus
517 3656 642 3739 juribus
665 3661 696 3722 et
708 3657 906 3740 pertinentiis
921 3656 986 3720 suis
998 3658 1157 3738 perpetuo
1169 3655 1282 3722 rectori
1305 3660 1337 3721 et
1358 3657 1479 3741 capelle

159 3765 234 3828 ineu
264 3764 354 3831 Pauli
386 3763 567 3848 supradicti,
612 3766 654 3831 ad
687 3767 776 3850 cujus
809 3769 982 3848 proventus
1021 3766 1277 3848 augmentandos
1310 3769 1478 3849 prenotata

160 3862 256 3940 decima
287 3875 393 3940 iuerat
424 3876 619 3956 comparata,
652 3872 733 3938 sicut
765 3872 910 3955 superius
944 3874 992 3936 est
1025 3890 1225 3956 expressum.
1273 3872 1308 3938 ln
1341 3892 1477 3958 quorum

163 3979 279 4046 oninium
300 3980 517 4047 testimonium
531 3979 665 4062 sigillum
680 3982 826 4046 nostmm
847 3980 1050 4064 presentibus
1072 3986 1121 4046 est
1142 4001 1332 4066 appensum.
1360 3981 1477 4049 Datum

162 4076 363 4163 Osembmcke.
395 4107 482 4155 anno
505 4088 632 4154 Domini
653 4087 774 4154 M⁰CC⁰
807 4087 1016 4170 nonagesimo
1044 4088 1137 4169 V1110,
1171 4089 1248 4156 feria
1280 4091 1373 4158 tertia
1405 4094 1477 4174 post

161 4185 250 4262 aarum
270 4197 486 4265 Pentecosies.

258 4313 366 4401 &tepet
388 4314 562 4401 muriatica.

241 4466 262 4533 ¹)
278 4464 432 4536 broubert,
449 4464 589 4537 bauaida
609 4464 772 4538 Dttcrfrine,
789 4465 876 4537 ttrfpt
887 4464 1016 4532 bamur,
1033 4463 1203 4537 Dibenburp.
1224 4496 1256 4505 —
1277 4464 1299 4534 ¹)
1317 4464 1475 4536 perpenna,

163 4537 273 4623 ”aarum
299 4550 587 4624 banborbtbronbntf,
617 4551 703 4624 ittipt.
732 4552 859 4620 ibamus,
891 4555 945 4624 teat
973 4550 1058 4622 sript.
1077 4550 1202 4622 potiori,
1232 4549 1403 4626 Dibenburss.
1440 4586 1473 4595 -

163 4623 323 4708 ibiturirtb,
340 4637 511 4712 Dibmburss.
532 4671 565 4679 -
585 4641 608 4708 ⁴)
627 4638 769 4710 (subiicit,
786 4637 881 4710 tubiid)
900 4645 955 4695 bon
974 4637 1124 4707 &teinteib
1144 4669 1176 4678 -
1196 4640 1219 4706 ⁵)
1237 4637 1410 4710 bolesmi).

164 4814 211 4894 ⁸¹⁷·
225 4786 269 4883 -’
283 4832 474 4920 muner,
496 4835 591 4918 reas,
613 4835 700 4916 saur
721 4835 752 4906 r.

299 4965 415 5054 blitiri
446 4966 571 5054 ssubuifl
588 4985 662 5055 ,oon
693 4967 867 5037 Donahtssd
900 4968 1055 5053 biturigi
1091 4968 1149 5037 bos
1182 4969 1361 5056 &prabum
1392 4970 1474 5040 eines
