3210 5354
765 290 836 346 laco
1403 271 1470 339 3⁵15

292 457 401 527 lliootb
424 476 484 526 ooo
506 457 606 544 ticeps
627 475 668 527 oo
689 457 745 526 bos
767 456 881 536 italica
902 456 1072 541 mrtoullm
1105 455 1166 525 aab
1200 455 1261 541 tim
1292 454 1469 541 trichitim

294 565 392 635 arena
413 576 473 634 cut
493 567 564 652 arod
585 565 683 634 debeo
704 567 737 634 io
758 565 903 649 sierint
924 566 966 633 im
988 565 1146 650 ltirdlpicl
1168 563 1321 649 bothelm.

388 695 520 771 demot
538 700 575 756 lm
593 698 756 772 &ttltllttm
775 698 886 770 dehine
905 713 939 770 aa
958 697 1060 771 hiteta

248 815 317 882 Nos
339 815 545 883 Hermannus
576 817 691 883 nobilis
721 818 768 883 vir·
799 816 1007 901 burggrarius
1040 818 1073 882 in
1095 814 1282 898 Stromberg
1314 815 1469 880 universis

157 938 256 991 reseas
277 926 430 1009 scripturn
453 925 566 992 visuris
587 930 700 993 notum
734 946 804 993 esse
838 928 984 1010 cupimus
1014 926 1237 1009 protestantes,
1272 923 1359 1007 quod
1391 941 1470 988 con·

157 1030 223 1100 bili
256 1055 365 1102 coram
399 1034 493 1101 nobis
522 1033 685 1101 iohannes
718 1034 759 1101 de
781 1035 882 1119 Berge
915 1039 947 1101 et
967 1035 1116 1101 Livoldus
1149 1034 1293 1118 ejusdem
1315 1031 1470 1098 lobannis

157 1136 217 1221 lius,
247 1144 325 1209 item
347 1148 380 1210 et
401 1142 497 1230 Gysla
518 1163 598 1209 uxor
619 1143 693 1210 dicti
714 1143 835 1209 Livoldi
857 1147 889 1208 et
909 1144 1052 1227 ipsorum
1077 1142 1214 1208 heredes
1236 1141 1381 1208 videlicet
1401 1140 1469 1207 Ro-

157 1246 238 1332 nlius,
258 1250 433 1333 iohannes,
466 1251 682 1334 Konegundls,
717 1251 812 1337 Gysla
834 1255 866 1316 et
887 1251 1075 1337 Meglbyldis
1096 1251 1157 1317 rite
1177 1271 1216 1318 ac
1236 1250 1469 1318 racionabiliter

157 1360 335 1435 mdiderunt
357 1381 416 1446 pro
437 1360 650 1447 quadraginta
681 1362 795 1427 marcis
828 1360 938 1443 legalis
969 1363 1130 1429 monete.
1154 1409 1162 1426 .
1184 1360 1347 1444 preposito
1375 1364 1407 1426 et
1429 1409 1437 1426 .
1461 1411 1469 1427 .

157 1471 292 1536 orientur
314 1470 446 1537 ecclesie
467 1472 499 1536 in
512 1470 695 1537 Claroholte
717 1470 858 1536 redditus
881 1469 1037 1536 annuales
1058 1469 1203 1535 videlicet
1225 1469 1367 1554 quinque
1391 1469 1471 1535 molt

157 1587 232 1659 rene,
254 1579 363 1663 viginti
386 1579 467 1646 duos
490 1579 616 1646 modios
636 1580 725 1646 ordei
735 1581 828 1664 juxta
844 1597 1028 1645 mensuram
1043 1579 1206 1659 Alensem,
1229 1580 1305 1645 item
1325 1580 1468 1670 quinque

157 1676 239 1754 >llos
261 1691 294 1752 et
315 1686 437 1772 1111011)
473 1688 622 1754 denarios
652 1688 762 1770 legalis
794 1690 933 1767 monete,
966 1688 1042 1753 item
1075 1706 1174 1753 unam
1196 1695 1311 1754 aucam
1333 1691 1366 1754 et
1387 1687 1469 1754 duos

157 1787 223 1862 lllos
244 1815 286 1862 ex
309 1796 437 1862 duabus
459 1796 609 1863 domibus
629 1798 662 1863 in
679 1796 876 1880 Ysincdorpe
897 1797 986 1862 dictis
1002 1796 1176 1862 Ludolvinc
1196 1799 1228 1862 et
1240 1796 1470 1881 Reynhardinc

157 1897 241 1969 isin
270 1904 423 1988 parrohia
444 1904 483 1991 (t)
516 1904 687 1971 Vorhelme
719 1906 849 1989 singulis
880 1905 973 1970 annis
1001 1904 1200 1987 recipiendos
1223 1908 1255 1969 et
1276 1904 1467 1972 hereditario

157 2025 186 2076 re
207 2017 369 2098 perpetuo
390 2013 613 2097 possidendos.
657 2013 803 2080 Cultores
835 2014 992 2098 siquidem
1024 2014 1181 2080 dictarum
1214 2014 1384 2081 domorum
1411 2018 1468 2080 aut

157 2122 231 2202 mle,
254 2122 381 2206 quipro
393 2125 538 2206 tempore
560 2121 686 2202 luerint,
708 2122 891 2207 hujusmodi
911 2123 1055 2189 redditus
1074 2122 1204 2205 singulis
1219 2123 1311 2189 annis
1332 2124 1365 2188 in
1385 2124 1467 2190 festo

157 2231 204 2296 ati
220 2229 352 2297 Martini
373 2230 529 2316 hyemalis
550 2250 648 2315 super
668 2231 851 2314 granarium
874 2233 1051 2296 memorate
1074 2230 1205 2296 ecclesie
1225 2231 1467 2314 presentabunt.

157 2339 313 2425 rjusmodi
345 2338 439 2422 igitur
471 2339 656 2405 vendicione
688 2340 772 2406 tacta
799 2340 932 2423 predicti
953 2337 1148 2424 Jo(hannes)
1171 2344 1203 2405 et
1223 2339 1411 2427 Le(voldus)
1434 2345 1467 2408 et

157 2449 213 2516 sla
235 2452 269 2514 et
292 2466 403 2514 eorum
424 2445 564 2513 heredes
586 2449 745 2531 prenotati
766 2448 910 2531 prefatus
932 2447 1085 2527 redditus,
1119 2466 1200 2531 quos
1232 2465 1253 2512 a
1283 2447 1376 2513 nobis
1394 2449 1468 2532 jure

157 2557 235 2626 nali
256 2555 450 2635 habuerant,
483 2555 677 2621 unanimiter
699 2558 732 2621 et
753 2555 951 2622 concorditer
983 2555 1016 2621 in
1038 2574 1153 2621 manus
1174 2559 1302 2622 nostras
1323 2555 1466 2640 plenarie

157 2666 332 2751 :ignarnnt
374 2662 441 2729 Nos
462 2664 556 2747 igitur
578 2664 680 2730 dictos
701 2664 844 2730 redditus
868 2683 887 2730 a
909 2681 1008 2729 manu
1028 2663 1204 2729 eomndem
1225 2669 1371 2748 receptos
1393 2684 1466 2731 oum

157 2776 323 2860 opnemte,
346 2790 409 2856 que
430 2791 490 2838 nos
511 2771 704 2838 hereditario
722 2775 794 2857 jure
807 2772 1035 2856 contingebant
1048 2772 1097 2858 (t),
1121 2792 1160 2839 ex
1172 2792 1330 2840 consensu
1340 2775 1466 2842 Ludolli

157 2884 220 2951 tris
241 2881 344 2948 nostri
366 2880 557 2946 contulimus
578 2881 726 2965 predictis
749 2933 757 2948 .
781 2930 788 2946 .
811 2882 973 2965 preposito
991 2886 1022 2948 et
1036 2880 1209 2948 conventui
1221 2882 1293 2965 jure
1309 2885 1465 2964 perpetuo

157 3011 216 3058 ere
237 2988 462 3074 possidendos,
483 2988 580 3055 nichil
598 2990 677 3073 juris
689 2990 782 3055 nobis
794 2993 825 3054 et
835 2989 1007 3056 heredibus
1018 2990 1134 3056 nostris
1151 2991 1183 3055 in
1200 2988 1320 3055 eisdem
1336 2989 1466 3056 redditi·

157 3123 175 3169 s
208 3100 423 3166 reservantes.
466 3097 636 3163 presentes
668 3098 834 3164 nobiscum
868 3098 1014 3165 luerunt:
1059 3098 1276 3164 Theodericus
1308 3098 1465 3181 plebanus

179 3209 411 3288 Everswincle,
443 3205 649 3272 Hermannus
681 3204 770 3289 Span
803 3205 858 3289 qui
889 3210 966 3273 tunc
1004 3208 1062 3273 luit
1094 3208 1268 3291 vrigravius
1299 3207 1466 3274 reverendi

157 3320 218 3386 tris
240 3336 279 3384 ac
301 3315 424 3383 domini
444 3313 702 3381 llonasteriensis
724 3315 882 3398 episcopi;
915 3317 991 3382 item
1013 3315 1219 3382 Hermannus
1251 3320 1284 3382 et
1309 3315 1466 3384 Henricus

169 3427 382 3495 Hermannus
403 3423 477 3491 dicti
498 3421 688 3502 Merevelde,
710 3421 867 3489 Rodolius
889 3423 991 3489 dictus
1012 3424 1131 3508 Lange,
1158 3423 1344 3490 Frederious
1366 3426 1467 3492 advo·

157 3539 220 3616 lus,
242 3533 414 3601 Conradus
436 3531 619 3617 Cleyoamp,
641 3530 826 3595 Ererwinus
849 3531 890 3596 de
912 3531 1085 3612 Stenbelre,
1109 3581 1116 3596 .
1140 3585 1148 3599 .
1171 3533 1273 3600 dIclus
1294 3533 1465 3619 Snytberg,

157 3642 308 3709 rdewious
330 3638 424 3706 Hane
446 3643 477 3705 et
499 3639 549 3705 alii
572 3657 669 3723 quam
691 3639 799 3722 plures
821 3639 884 3704 lide
906 3640 999 3721 digni.
1044 3639 1085 3704 Ut
1107 3639 1201 3722 igitur
1226 3641 1286 3707 hec
1307 3643 1464 3725 premissa

156 3771 213 3818 ma
243 3752 308 3818 sint
342 3752 375 3817 et
406 3768 426 3815 a
458 3749 545 3814 nullo
576 3747 796 3830 infringantur,
828 3751 1009 3830 presentem
1042 3748 1195 3832 paginam
1229 3748 1327 3831 sigillo
1352 3752 1463 3815 nostro

157 3862 278 3925 malam
301 3856 470 3942 sepediclis
493 3907 502 3922 .
525 3905 533 3922 .
555 3855 717 3938 preposito
748 3857 780 3919 et
810 3853 939 3919 eoeleste
963 3854 1195 3921 Claroholtensi
1217 3855 1406 3922 contulimus
1428 3856 1461 3921 in

157 3968 337 4033 stimonium
359 3964 598 4049 premissorum.
640 3962 757 4028 Actum
791 3981 898 4027 coram
933 3963 1047 4029 eodem
1069 3963 1257 4030 Hermanno
1278 3963 1367 4048 Span
1400 3965 1464 4030 vri·

157 4076 229 4141 ario
248 4074 393 4159 predicto
416 4075 448 4138 et
469 4073 579 4139 datum
612 4090 698 4138 anno
720 4070 845 4137 Domini
867 4070 988 4137 M⁰CC⁰
1009 4071 1218 4152 nonagesimo
1251 4090 1348 4152 nono,
1383 4072 1462 4140 feria

157 4185 231 4248 iata
250 4185 326 4249 ante
346 4182 464 4248 festum
486 4180 628 4263 Gregorii
649 4197 743 4263 pape.
848 4229 850 4235 .

243 4330 351 4416 &tepet
372 4328 406 4396 ira
427 4327 540 4412 rothem
562 4327 666 4412 Quota
700 4345 739 4394 m
773 4328 940 4412 rotumum
968 4327 1174 4411 <bethsittim
1207 4328 1262 4396 mit
1295 4328 1458 4417 ittdiecet

157 4439 231 4525 lati.
253 4439 296 4508 Θ.
313 4438 367 4520 26,
389 4436 410 4503 8
431 4437 492 4506 aab
516 4436 562 4523 9).

223 4624 244 4692 ¹)
262 4619 312 4692 aul
330 4618 431 4692 holus.
