3210 5354
705 353 774 409 1281
1396 338 1417 404 5

188 517 223 582 ln
256 518 386 583 nomine
418 522 528 584 sancte
561 523 592 585 et
625 519 786 585 individue
818 519 968 585 trinitatis
1005 538 1111 586 amen.
1156 519 1324 585 Conradus
1358 519 1416 584 Dei

153 624 442 708 rOsnaburgensis
475 626 606 693 ecclesie
639 627 807 712 episcopus
834 628 984 693 omnibus
1007 629 1039 692 in
1062 630 1266 711 perpetuum.
1309 628 1420 694 Ponti·

153 753 187 798 m
208 734 301 799 decet
322 735 564 802 sollicitudinem
587 737 707 802 cultum
723 741 753 802 et
770 738 926 804 honorem
941 736 1036 801 divini
1052 737 1191 802 nominis
1207 741 1416 819 augmentare

153 859 202 905 sas
224 841 372 907 ecclesias
395 842 426 906 in
444 843 498 923 eis,
521 862 584 926 que
600 845 760 926 pertinent
777 845 818 909 ad
839 844 935 909 vitam
956 848 987 910 et
1003 844 1200 927 disciplinam
1220 846 1416 925 canonicam,

153 967 261 1014 terere.
306 949 387 1014 Hinc
418 954 475 1030 est,
510 951 598 1033 quod
630 955 742 1017 tenore
771 953 969 1035 presentium
1000 956 1148 1018 constare
1178 953 1322 1036 cupimus
1351 956 1416 1017 tam

153 1055 263 1122 entibus
285 1075 384 1140 quam
406 1057 531 1134 tuturis,
565 1059 652 1141 quod
687 1078 746 1124 nos
780 1059 820 1124 de
843 1079 1002 1126 consensu
1035 1064 1066 1126 et
1087 1061 1252 1126 voluntate
1274 1060 1418 1126 unamini

153 1165 191 1229 uli
221 1166 321 1230 nostri
354 1167 483 1250 maj0ris
515 1170 546 1232 et
577 1167 729 1232 nobilium
753 1168 892 1233 virorum
914 1169 1045 1235 Rodolfi
1068 1173 1100 1234 et
1122 1169 1261 1234 Conradi
1284 1168 1417 1234 fratrum

153 1273 286 1354 letholte,
320 1274 374 1357 qui
407 1275 530 1339 nobiles
559 1276 591 1339 in
615 1275 780 1341 ecclesiam
803 1276 968 1342 Drebbere
997 1277 1141 1344 conterre
1162 1277 1318 1342 beneficia
1340 1297 1416 1343 cou-

153 1386 242 1461 erunt,
266 1381 432 1464 collegium
455 1400 513 1470 seu
536 1382 781 1448 ebdomedarios
808 1383 926 1448 ibidem
949 1383 983 1448 in
1005 1384 1169 1449 Drebbere
1193 1385 1223 1448 in
1247 1385 1417 1450 canonicos

153 1492 266 1555 aionem
289 1491 416 1574 capituli
439 1489 656 1556 ordinavimus
677 1491 710 1555 in
731 1490 817 1556 huuc
839 1492 981 1570 modurn,
1006 1492 1094 1575 quod
1116 1492 1186 1558 loco
1203 1491 1419 1558 archidiaconi

153 1602 258 1668 ositum
282 1601 452 1683 Hugoncm
475 1600 515 1664 de
538 1599 692 1665 Goltorne
724 1599 855 1664 ecclesie
884 1602 994 1665 nostre
1023 1601 1211 1666 canonicum
1235 1601 1416 1683 preficimus

153 1712 200 1775 ulo
218 1713 287 1794 jam
313 1709 466 1793 predicto.
501 1708 606 1787 Quam
628 1709 862 1791 preposituram
885 1709 1014 1792 majoris
1037 1708 1168 1773 ecclesie
1190 1709 1298 1773 nostre
1320 1727 1417 1774 cano·

163 1823 273 1883 elnon
298 1818 349 1882 alii
372 1837 431 1882 nos
454 1820 485 1881 et
507 1817 606 1882 nostri
627 1835 827 1902 successores
850 1818 890 1882 de
912 1821 1019 1883 cetero
1042 1817 1253 1882 conteremus.
1287 1817 1416 1882 Bannos

153 1947 193 2010 [ue
220 1947 278 1992 seu
304 1926 581 1992 archidiaconatus
612 1925 817 1991 ecclesiarum
848 1926 880 1990 in
903 1924 1140 2002 wildeshusen,
1162 1923 1322 2003 Emsteke,
1346 1925 1416 1991 Vis·

154 2034 401 2111 ,Goldenstede
424 2034 637 2115 Bernestorpe
659 2035 691 2097 et
714 2032 877 2097 Drebbere
900 2033 960 2097 sub
979 2034 1051 2115 jure
1074 2033 1191 2114 scripto
1214 2033 1415 2114 prepositure

153 2143 260 2208 erimus
283 2144 475 2226 supradicte,
509 2142 570 2207 hoc
592 2141 726 2224 adject0,
757 2141 844 2222 quod
867 2140 907 2204 de
930 2139 1063 2204 ecclesia
1085 2138 1250 2204 Drebbere
1273 2140 1417 2204 orientali

153 2253 176 2316 io
195 2254 289 2316 trium
311 2269 492 2315 marcarum
514 2247 772 2329 Osnaburgensis
798 2252 927 2313 monete
955 2267 975 2312 a
995 2252 1119 2313 rectore
1141 2247 1263 2330 prefate
1285 2248 1415 2314 ecclesie

153 2361 222 2425 osito
244 2360 363 2425 ibidem
385 2358 560 2438 Drebbere,
593 2358 646 2440 qui
669 2375 727 2438 pro
749 2359 896 2439 tempore
919 2358 1020 2438 luerit,
1055 2359 1229 2440 annuatim,
1261 2359 1416 2424 medietas

154 2467 207 2531 icet
238 2469 269 2531 in
304 2466 385 2531 festo
417 2465 503 2530 beati
536 2463 738 2548 Mychahelis,
778 2464 933 2530 medietas
968 2469 1076 2531 autem
1111 2467 1238 2532 residua
1271 2468 1301 2532 in
1334 2466 1417 2532 testo

153 2573 194 2655 he,
222 2577 379 2658 perpetuo
401 2573 609 2655 persolvetur.
655 2571 753 2656 Cujus
776 2573 908 2637 ecclesie
938 2573 1056 2639 scilicet
1077 2575 1236 2639 orientalis
1259 2575 1291 2640 in
1314 2575 1417 2639 Dreb-

165 2687 315 2749 rcctorem
339 2681 451 2764 prelati
474 2680 596 2745 nobiles
619 2680 667 2744 rel
691 2699 801 2745 eorum
824 2680 971 2760 heredes,
1005 2701 1078 2746 cum
1111 2683 1216 2764 ipsam
1249 2682 1415 2748 ecclesiam

153 2810 178 2854 re
208 2789 383 2872 contigerit,
417 2789 501 2853 dicto
533 2788 694 2870 preposito
734 2788 977 2870 presentabant,
1020 2790 1069 2853 cui
1110 2789 1195 2854 idem
1234 2789 1415 2873 prepositus

153 2918 184 2963 un
213 2898 321 2964 altaris
355 2900 386 2961 et
418 2915 527 2961 curam
561 2895 740 2960 animarum
776 2894 917 2960 conteret
949 2895 1125 2962 dummodo
1158 2898 1349 2962 canonicum
1372 2899 1416 2963 nil

153 3011 204 3087 tat,
228 3008 282 3091 qui
305 3008 410 3071 rector
432 3004 552 3069 ibidem
575 3004 606 3068 in
629 3003 761 3068 ecclesia
783 3003 984 3085 prebendam
1005 3024 1063 3088 per
1084 3006 1302 3089 receptionem
1333 3007 1415 3072 dicte

153 3116 193 3180 sie
215 3117 430 3197 consequetur
452 3116 483 3177 et
504 3111 686 3195 prebendas
709 3109 796 3186 alias,
825 3111 1082 3192 quandocunque
1106 3129 1218 3176 vacare
1241 3112 1414 3194 contigerit,

153 3222 194 3287 icti
215 3221 339 3288 nobiles
362 3220 535 3299 conferent,
570 3218 650 3283 sicut
679 3218 783 3285 lacere
812 3222 1056 3286 consueverunt.
1098 3219 1249 3285 Preterea
1270 3222 1416 3287 canonici

153 3350 180 3394 nr
201 3332 234 3395 in
256 3328 421 3393 Drebbere
455 3328 496 3392 de
529 3329 635 3391 cetero
668 3326 803 3393 absoluti
827 3331 858 3392 et
879 3326 968 3392 liberi
992 3330 1085 3391 erunt
1106 3326 1147 3391 ab
1170 3327 1290 3393 exuviis
1312 3328 1416 3394 archi·

153 3459 197 3503 »no
229 3438 353 3514 dandis,
388 3436 508 3500 eisdem
541 3435 764 3500 nichilominus
791 3436 824 3500 in
853 3453 930 3500 usus
952 3453 1010 3499 sue
1032 3435 1162 3500 ecclesie
1185 3438 1416 3504 convertendis.

177 3545 374 3627 sepedictum
407 3542 580 3624 capitulum
612 3546 775 3627 preposito
808 3563 866 3609 suo
901 3545 1013 3609 decem
1046 3544 1161 3609 molcia
1195 3545 1322 3627 siliginis
1355 3548 1415 3612 sub

153 3671 213 3717 rura
236 3652 369 3736 Oytensi
391 3652 555 3715 annuatim
589 3651 621 3715 in
653 3651 733 3717 testo
762 3651 846 3717 beati
868 3650 994 3717 Martini
1023 3653 1179 3734 perpetuo
1212 3652 1412 3720 mInistrabit.

153 3759 222 3840 ruod
244 3758 425 3822 faciendum
458 3757 543 3822 idem
571 3759 744 3842 capitulum
767 3778 801 3823 se
823 3758 942 3839 obligat
963 3778 1021 3841 per
1042 3763 1218 3842 presentes,
1249 3761 1292 3825 ita
1325 3763 1413 3844 quod

153 3886 161 3929 r
180 3868 320 3932 canonici
343 3867 503 3931 immunes
526 3866 589 3930 sint
612 3865 651 3930 de
669 3873 774 3932 cetero
790 3866 832 3932 ab
845 3865 933 3931 omni
951 3865 1169 3949 Jurisdictione
1191 3865 1413 3946 archidiaconi,

153 3975 175 4039 in
195 3975 354 4041 mandatis
377 3974 424 4038 sui
446 3975 598 4057 prepositi
620 3994 678 4057 per
701 3974 974 4052 ebdomadarium,
999 3974 1053 4057 qui
1074 3993 1132 4056 pro
1150 3977 1294 4057 tempore
1311 3974 1413 4055 suerit,

153 4086 196 4149 ter
217 4082 433 4167 exequendis;
466 4082 497 4146 in
519 4082 587 4149 aliis
608 4087 717 4148 autem
741 4083 890 4148 omnibus
912 4081 1063 4167 obedient
1085 4084 1210 4147 decano
1232 4102 1300 4162 suo,
1332 4084 1413 4148 sicut

152 4190 193 4256 liis
222 4191 361 4257 ecclesiis
396 4193 444 4254 est
475 4196 675 4260 consuetum.
718 4191 821 4269 Quem
852 4191 1010 4256 decanum
1044 4190 1084 4254 de
1115 4210 1174 4255 suo
1197 4190 1314 4272 eligent
1335 4210 1412 4257 con·

153 4317 173 4376 r,
200 4303 295 4383 prout
325 4318 383 4363 sue
412 4297 543 4363 ecclesie
573 4298 731 4363 videbitur
752 4296 911 4381 expedire.
954 4295 996 4361 Ut
1018 4299 1126 4361 autem
1148 4316 1281 4379 presens
1303 4301 1413 4365 nostra

153 4407 218 4471 latio
237 4410 308 4471 rata
330 4408 361 4470 et
384 4404 568 4469 inconvulsa
592 4407 718 4488 penitus
740 4407 932 4488 perseveret,
964 4425 1096 4488 presens
1119 4407 1270 4487 scriptum
1293 4411 1412 4488 nostro,

153 4513 192 4577 :uli
226 4516 324 4580 nostri
363 4514 503 4596 majoris,
546 4512 678 4576 fratrum
714 4512 754 4576 de
788 4510 937 4576 Detholte
969 4513 1184 4595 predictorum
1220 4516 1252 4577 et
1285 4515 1412 4597 capituli

153 4620 197 4685 ,sie
216 4624 246 4688 in
269 4621 431 4687 Drebbere
464 4622 568 4704 sigillis
598 4622 629 4685 in
660 4620 877 4686 testimonium
900 4620 1049 4685 duximus
1071 4620 1301 4705 roborandum.
1329 4625 1411 4689 ·Nos

153 4729 334 4795 r..deeani
367 4734 399 4795 et
431 4730 568 4812 capitula
601 4730 816 4811 predictarum
844 4729 1058 4809 ecclesiarum,
1090 4728 1247 4794 Rodolfus
1270 4733 1301 4794 et
1325 4730 1411 4796 Cou-

153 4833 295 4902 stanes
315 4836 356 4902 de
379 4836 529 4902 llefholte
551 4836 704 4918 sepedicti
726 4836 907 4919 supradicta
930 4835 1122 4902 ratificamus
1153 4841 1184 4903 et
1211 4837 1413 4922 presentibus
