3210 5354
716 112 785 171 1299
1359 94 1423 164 367

12 274 231 571 μάθω
254 280 453 349 videbantur.
498 279 708 347 Presentibus
730 283 763 346 et
783 279 1001 345 testimonium
1027 280 1269 365 perhibentibus
1291 281 1427 347 discreto

106 390 115 407 ⁰
168 391 315 458 iohanne
336 390 476 476 plebano
497 390 529 454 in
550 389 714 473 Lysberen
747 391 780 454 et
812 387 960 470 religioso
989 388 1057 456 viro
1079 389 1208 455 Hinrico
1229 390 1270 455 de
1291 389 1426 456 Asbolte

33 502 122 569 'nc
138 501 233 568 nobili
256 501 324 567 viro
345 499 513 584 Ludolpbo
535 515 688 581 germano
711 548 718 562 .
742 547 749 562 .
773 495 887 562 nobilis
909 497 965 561 viri
988 496 1164 563 Hermanni
1194 498 1372 580 burcgravii
1393 499 1425 563 in

12 580 264 692 ss'TStromberg
286 615 319 676 et
351 609 419 675 aliis
452 628 549 693 quam
572 607 714 690 pluribus
745 606 923 687 fidedignis.
967 607 1002 671 In
1025 608 1115 691 cujus
1136 607 1182 672 rei
1204 607 1425 674 certitudinem

12 724 35 753 ²·
62 718 125 785 td
143 718 386 803 protestandam
409 717 533 800 singula
556 734 665 782 coram
687 715 782 781 nobis
803 718 875 780 acia
896 720 1077 799 presentem
1095 718 1244 800 paginam
1267 718 1427 800 petitioni·

12 836 37 859 ²·
63 818 141 893 bus
160 827 342 892 efficacibus
363 826 482 892 inducti
499 825 541 891 ab
557 825 675 891 eisdem
689 823 876 890 Hermanno
888 823 1185 909 Wamboystickere
1201 829 1231 891 et
1254 824 1426 892 heredibus

68 937 145 1001 suis
166 936 246 1001 veris
268 935 403 1001 fideliter
423 935 512 1017 sigilli
532 935 631 1001 nostri
655 933 830 998 munimine
863 934 1013 997 duximus
1036 933 1263 999 roborandam.
1307 932 1425 999 Datum

71 1058 166 1111 anno
186 1044 312 1110 Domini
334 1040 458 1109 M⁰CC⁰
479 1042 688 1124 nonagesimo
711 1060 807 1120 nono,
836 1043 950 1124 quarto
973 1039 1061 1105 Ydus
1084 1039 1275 1106 Novembris
1296 1042 1424 1108 mensis.

202 1175 347 1262 itbtieget
369 1194 409 1243 on
432 1173 745 1260 bergomentitteiien,
776 1174 836 1258 opt.
862 1172 1011 1257 litigante
1035 1173 1140 1254 tttbin
1163 1172 1215 1251 ΙΙΙ,
1235 1172 1326 1255 tutet
1346 1174 1372 1239 C
1394 1176 1424 1242 4.

84 1522 157 1593 573.
177 1563 217 1575 -
240 1525 336 1608 1299,
356 1524 523 1612 &timber
543 1525 575 1597 4.

247 1658 367 1743 attan
387 1657 512 1743 dubnip
535 1675 595 1725 non
617 1655 791 1724 Danobrid
824 1654 957 1740 beflttigt
990 1656 1045 1723 ben
1074 1657 1211 1741 notitia
1233 1658 1294 1725 unb
1316 1657 1425 1738 teinem

247 1767 464 1854 geidnotenen
486 1766 584 1852 italie
607 1765 661 1847 oui
683 1763 905 1849 betontcinng
928 1764 981 1832 beo
1003 1765 1239 1847 bomberbonten
1262 1766 1424 1852 uocitati„

245 1878 297 1946 bes
330 1876 522 1955 ibomttlbets
544 1875 696 1961 bmetung
729 1875 789 1941 uno
822 1875 874 1941 tea
908 1874 1050 1957 iliopites
1079 1875 1242 1959 {lebannes
1276 1895 1335 1944 oon
1368 1877 1425 1946 61.

248 1986 376 2071 &bonu
408 1985 494 2069 butri)
526 1985 655 2067 bietridr
689 1984 829 2065 &temnet
861 1983 998 2067 ostiliter
1033 1982 1251 2067 itedtatprurb‘
1284 1985 1341 2064 bot
1374 1986 1426 2054 ber

251 2096 377 2180 ttltdtcr
398 2095 454 2163 bos
468 2093 613 2180 benigni
635 2094 731 2162 metet
753 2112 827 2179 gang
849 2094 916 2177 norb
939 2092 1095 2175 tbeitneile
1110 2093 1184 2176 obne
1198 2093 1426 2180 (bencimipung

251 2203 304 2273 bes
326 2201 425 2283 betta
447 2201 614 2283 nectutem
636 2201 713 2283 bati.

345 2336 491 2408 beguai:
511 2334 682 2405 bennadio.

208 2455 394 2522 Lodewicus
416 2454 474 2520 Dei
495 2453 601 2536 gracia
617 2452 873 2534 Osnaburgensis
895 2454 1063 2537 episcopus
1084 2453 1239 2517 universis
1261 2453 1425 2536 presencia

92 2562 199 2629 visuris
220 2566 332 2630 notum
356 2562 489 2629 iacimus
510 2563 635 2646 publice
658 2565 881 2645 protestantes,
912 2563 999 2644 quod
1029 2562 1189 2627 constituti
1213 2562 1243 2625 in
1266 2563 1425 2645 presentia

90 2676 193 2739 nostra
213 2671 416 2738 Ererbardus
438 2672 579 2737 decanus
601 2670 732 2737 ecclesie
754 2672 863 2735 nostre
885 2689 944 2752 pro
966 2689 1000 2734 se
1023 2673 1055 2734 et
1076 2668 1274 2751 Amelungus
1296 2669 1426 2734 thesau-

87 2781 184 2846 rarius
216 2784 248 2846 et
269 2779 432 2847 lohannes
456 2780 622 2846 Vromodis
654 2780 824 2845 canonicus
856 2781 957 2843 sancti
990 2776 1144 2843 lobannis
1170 2776 1425 2859 osnaburgensis

83 2889 211 2955 nomine
234 2892 266 2953 et
288 2888 357 2954 vice
378 2886 532 2954 iohannis
564 2887 715 2971 prepositi
749 2887 845 2969 ipsius
868 2885 999 2951 ecclesie
1025 2886 1126 2950 sancti
1147 2883 1301 2950 lobannis
1322 2885 1425 2951 dictus

79 2987 317 3083 Rverhardus)
349 2995 460 3080 petivit
494 3014 514 3060 a
546 2995 647 3072 nobis,
680 2999 714 3058 ut
744 2995 796 3077 jus
829 2995 894 3057 sive
927 2992 1118 3057 sententiam
1149 2991 1325 3057 secundum
1348 3012 1425 3059 con·

74 3103 284 3170 suetudinem
307 3106 416 3169 nostre
438 3103 571 3168 diocesis
594 3101 781 3179 diceremus,
815 3103 922 3164 utrum
956 3101 1176 3184 pensionarius
1208 3102 1274 3166 sire
1296 3101 1427 3168 colonus

72 3203 240 3279 bonorum
261 3211 506 3296 pensionalium‚
529 3230 592 3294 que
614 3210 699 3275 bona
714 3208 884 3288 vulgariter
899 3214 1034 3292 paqtpot
1056 3210 1213 3289 dicuntur,
1235 3211 1335 3293 possit
1357 3211 1426 3295 ipsa

69 3314 166 3387 bona
188 3319 387 3404 pensionalia
408 3319 439 3384 in
462 3323 552 3403 parte
575 3317 624 3383 vel
654 3318 685 3381 in
708 3319 774 3381 loto
796 3321 979 3398 permutare
1010 3318 1075 3382 sire
1098 3319 1236 3383 vendere
1258 3321 1327 3384 sine
1349 3339 1425 3386 con·

69 3445 178 3497 sensu
214 3430 279 3494 veri
313 3428 442 3507 domini,
474 3447 495 3493 a
528 3447 593 3511 quo
626 3427 709 3492 dicta
742 3427 828 3491 bona
860 3426 1058 3508 pensionalia
1090 3431 1246 3494 tenentur.
1319 3428 1424 3507 Quam

68 3537 275 3604 sententiam
308 3536 375 3602 sive
403 3538 457 3620 jus
491 3536 646 3601 discretus
679 3535 725 3598 vir
747 3533 934 3598 Thidericus
956 3534 1097 3617 Stempel
1132 3535 1222 3600 miles
1254 3535 1296 3601 ad
1328 3536 1425 3602 inter·

67 3645 281 3730 rogationem
302 3646 445 3709 nostram
469 3644 509 3711 'de
532 3643 661 3710 consilio
684 3644 891 3708 discretorum
913 3643 1052 3707 virorum
1069 3643 1169 3707 nostri
1190 3643 1310 3708 consilii
1328 3645 1425 3727 jurati

69 3754 156 3820 tunc
177 3752 374 3836 presentium
397 3751 629 3834 pronuntiavit:
663 3751 749 3833 quod
773 3750 904 3817 colonus
936 3752 1002 3816 sive
1023 3753 1243 3835 pensionarius
1265 3753 1424 3819 bonorum

63 3866 211 3948 poptpoi
230 3860 264 3926 in
284 3864 376 3944 parte
398 3861 447 3925 vel
470 3859 501 3924 in
525 3863 591 3925 toto
613 3879 678 3924 non
700 3860 800 3942 possit
813 3863 996 3942 permutare
1009 3859 1075 3924 sive
1092 3861 1230 3926 rendere
1246 3861 1295 3926 vel
1317 3862 1423 3945 aliquo

72 3970 179 4037 modo
200 3970 339 4035 alienare
360 3969 428 4034 sine
450 3968 516 4034 reri
530 3968 650 4034 domini
665 3969 827 4034 voluntate
850 3972 882 4032 et
903 3988 1071 4034 consensu.
1104 3967 1209 4046 Quam
1231 3970 1423 4037 sententiam

71 4080 147 4145 sive
165 4080 220 4163 jus
242 4077 284 4144 de
305 4077 434 4144 consilio
467 4080 500 4143 et
531 4095 689 4143 consensu
722 4077 822 4142 nostri
852 4077 947 4159 jurati
981 4075 1099 4140 consilii
1121 4078 1370 4160 approbaumus
1392 4085 1425 4145 et

73 4188 282 4273 presentibus
302 4187 530 4271 approbamus.
572 4186 654 4251 Acta
688 4190 762 4250 sunt
794 4185 854 4251 hoc
886 4204 971 4250 anno
1004 4184 1131 4250 Domini
1158 4185 1424 4267 u⁰cc⁰xc⁰1x⁰‚

74 4298 160 4365 teria
181 4298 274 4363 sexta
294 4299 370 4361 ante
391 4294 508 4361 testum
531 4295 616 4360 beati
638 4294 757 4359 Nicolai
780 4294 928 4377 episcopi,
962 4294 1164 4376 presentibus
1193 4293 1330 4376 Hugone
1350 4316 1424 4381 pre·

78 4407 197 4491 posito,
224 4403 425 4491 Tb(iderico)
446 4403 621 4481 scolastico,
654 4400 799 4467 iohanne
820 4402 910 4467 Unco
932 4404 1091 4468 canonicis
1113 4402 1422 4485 Osnaburgensibus‚

78 4512 254 4581 Promoldo
276 4510 398 4579 decano
420 4512 520 4577 sancti
541 4509 696 4577 lobannis
711 4509 984 4594 Osnaburgensis;
1007 4509 1143 4593 Hugone
1159 4510 1249 4591 Urso,
1272 4511 1423 4580 Conrado

82 4623 124 4688 de
155 4621 278 4700 Horae,
312 4619 438 4686 Liborio
470 4620 512 4685 de
548 4620 626 4685 lllen
661 4619 826 4695 militibus;
872 4619 1040 4685 Wicboldo
1071 4618 1240 4686 Petronille
1272 4621 1424 4702 magistro

83 4732 296 4813 scabinorum,
326 4727 466 4797 Henrico
488 4730 529 4795 de
550 4728 749 4807 stenvordia,
783 4727 858 4794 Her.
882 4728 1012 4794 Dunlror
1040 4728 1176 4793 scabinis
1198 4733 1230 4794 et
1247 4729 1360 4813 juratis
1381 4729 1423 4799 de
