3210 5354
785 343 854 397 1283
1448 321 1489 388 73

179 500 226 569 tii.
245 540 275 553 -
300 504 393 587 1283,
416 504 603 590 &entenic
625 508 677 579 29.

309 664 481 750 gebennen,
513 664 621 734 dietim
653 665 703 733 bet
736 662 1012 750 occansionem
1044 665 1086 732 im
1114 665 1214 732 ibone
1248 681 1283 748 gn
1304 660 1489 742 Dancbttld,

312 775 523 860 oetetbporbtet
545 776 600 844 nit
622 776 850 862 (denebmtgung
878 775 974 856 letare
996 775 1145 860 battone,
1172 775 1224 841 bec
1250 773 1488 854 bomtcdcntcn

308 885 443 970 (bertari),
484 886 530 954 tie
561 874 646 956 tides
686 887 901 970 „Stengrove“
943 905 998 956 oct
1030 887 1093 955 tera
1126 886 1281 967 lictrnper
1313 885 1413 968 &trote
1447 901 1487 950 cn
1583 954 1586 961 ,

209 1054 214 1066 ·
309 1016 444 1102 heinrich
466 1018 593 1088 uterne
614 1020 675 1087 unb
698 1019 783 1105 grau
805 1018 982 1106 lbatbutgie
1005 1037 1094 1105 gagen
1116 1017 1274 1100 bestimmte
1296 1015 1447 1101 ttbgcbrn.

407 1152 555 1225 original:
574 1150 746 1223 momorum.

270 1294 429 1360 Universis
450 1294 565 1360 Christi
597 1294 743 1361 fidelibus
775 1295 859 1360 hanc
887 1296 1023 1362 litteram
1054 1295 1167 1361 visuris
1197 1299 1228 1361 et
1250 1295 1403 1361 audituris
1426 1314 1486 1378 ego

174 1399 302 1469 lohannes
322 1403 473 1469 sacerdos
494 1405 599 1469 rector
620 1404 740 1487 capelle
761 1405 848 1470 beati
869 1405 1009 1489 Gregorii
1036 1406 1068 1470 in
1091 1405 1222 1471 ecclesia
1244 1403 1484 1485 Osnaburgensi

174 1513 257 1576 notum
284 1511 364 1578 facio
397 1515 429 1578 et
461 1513 577 1596 scripto
610 1512 749 1596 presenti
781 1517 950 1597 protestor,
990 1513 1077 1596 quod
1108 1532 1211 1595 agros,
1247 1512 1299 1596 qui
1333 1514 1487 1576 vocantur

172 1616 315 1702 &crpore
330 1624 420 1686 extra
434 1624 559 1703 portam
572 1620 754 1704 Northorpe
776 1622 818 1687 ad
840 1622 956 1688 dictam
977 1621 1133 1705 capellam
1155 1640 1261 1687 meam
1278 1620 1485 1704 pertinentes,

173 1727 376 1809 quihactenus
403 1729 511 1795 inculti
545 1733 577 1794 et
607 1728 731 1794 inutiles
754 1730 891 1809 luerunt,
924 1734 959 1796 ut
981 1731 1101 1814 capelle
1122 1750 1204 1810 mec,
1240 1731 1333 1795 michi
1355 1750 1393 1796 ac
1414 1748 1486 1795 suc·

172 1838 317 1902 morbus
349 1839 428 1902 meis
460 1838 553 1903 utiles
585 1856 623 1902 ac
644 1838 821 1904 fructuosos
851 1839 1001 1919 iacerem,
1033 1839 1073 1904 de
1099 1859 1257 1904 consensu
1280 1839 1399 1904 domini
1422 1837 1486 1903 mei

171 1943 262 2014 liniaci
294 1947 426 2014 eoeleste
457 1947 713 2030 Osnaburgensis
745 1948 867 2028 decani,
909 1949 1035 2033 patroni
1074 1949 1172 2032 ipsius
1213 1946 1343 2031 capelle,
1385 1946 1487 2012 locavi

170 2055 289 2125 colendos
309 2057 397 2143 apud
419 2056 583 2123 Hinricum
604 2057 722 2122 dictum
736 2058 867 2123 Bresme
888 2062 920 2123 et
935 2057 1132 2140 Walburgim
1155 2056 1328 2139 legitimam
1352 2074 1484 2120 uxorem

170 2180 243 2246 nam,
274 2166 381 2251 quoad
412 2165 547 2230 vixerint
579 2167 710 2249 pacifice
741 2167 963 2249 possidendos,
993 2166 1047 2231 tali
1077 2165 1263 2249 interposita
1290 2164 1485 2242 condicione,

170 2276 230 2355 quod
253 2277 336 2342 idem
359 2273 506 2340 Hinricus
537 2278 592 2340 aut
615 2273 794 2358 Walburgis
826 2295 908 2341 uxor
940 2275 1070 2357 singulis
1102 2275 1194 2340 annis
1224 2275 1256 2339 in
1289 2275 1369 2339 sesto
1401 2273 1484 2338 beati

168 2377 263 2449 larun
282 2384 408 2450 solvant
430 2383 523 2449 michi
545 2387 600 2449 aut
623 2385 702 2448 meis
723 2385 958 2450 successoribus
981 2384 1129 2449 molcium
1151 2384 1249 2462 ordei,
1286 2383 1372 2466 quod
1400 2381 1485 2464 balf-

168 2490 236 2569 nile
254 2494 373 2573 dicitur,
405 2512 464 2576 per
497 2491 660 2557 dimidiam
690 2512 873 2558 mensuram
897 2496 929 2558 et
950 2494 1032 2559 duos
1054 2513 1164 2559 caseos
1187 2495 1228 2559 de
1250 2494 1373 2560 ovibus.
1407 2492 1486 2558 Post

168 2605 272 2667 nonem
293 2596 371 2667 vero
391 2600 561 2666 amborum
584 2599 700 2666 Hinrici
724 2602 867 2668 videlicet
889 2603 1123 2684 etWalbnrgis
1149 2603 1255 2667 senior
1275 2602 1316 2667 de
1338 2601 1483 2683 legitimis

167 2710 244 2783 pueris
263 2729 376 2775 eorum
398 2709 530 2774 eosdem
552 2728 645 2790 agros
667 2729 687 2774 a
710 2730 761 2774 me
784 2712 832 2775 vel
856 2711 935 2776 meis
967 2711 1202 2777 successoribus
1235 2709 1349 2776 eodem
1384 2711 1481 2774 modo

167 2816 250 2884 elsuh
271 2818 387 2884 eadem
410 2818 574 2901 pensione,
608 2835 672 2899 qna
703 2818 889 2901 parentibus
919 2819 984 2882 suis
1006 2818 1109 2885 collati
1131 2818 1269 2895 luerunt,
1302 2817 1429 2900 recipiet
1453 2820 1484 2881 et

167 2921 320 2994 eonem·
352 2927 472 2993 debent
493 2927 616 3010 absque
648 2924 895 2991 contradictione
916 2926 1024 3010 aliqua
1046 2929 1076 2991 et
1108 2926 1337 3009 impedimento
1366 2927 1397 2990 et
1420 2925 1482 2989 vite

166 3046 204 3097 ne
228 3036 424 3120 temporibus
455 3035 586 3118 pacilice
619 3038 651 3099 et
683 3034 780 3098 libere
812 3033 996 3116 possidebit.
1041 3034 1122 3100 Cum
1155 3034 1241 3099 enirn
1275 3034 1360 3099 idem
1393 3052 1483 3117 puer,

166 3132 231 3208 heres
251 3163 362 3209 eorum
384 3143 529 3208 videlicet
545 3142 661 3208 Hinrici
677 3146 709 3207 et
723 3142 919 3224 Walburgis;
943 3144 1024 3208 viam
1042 3144 1145 3208 carnis
1156 3142 1303 3207 universe
1320 3143 1482 3224 ingressus

165 3244 239 3329 horit,
268 3251 402 3336 predicti
433 3253 500 3334 agri
531 3251 651 3334 capelle
684 3271 764 3331 mee,
797 3252 890 3316 michi
923 3272 961 3318 ac
992 3255 1070 3317 meis
1103 3253 1336 3318 successoribus
1358 3252 1482 3335 absque

165 3350 362 3439 nucimento
394 3360 500 3442 aliquo
532 3378 570 3424 ac
601 3361 785 3443 inpetitione
818 3360 997 3444 aliquorum
1025 3362 1180 3427 heredum
1203 3360 1363 3426 vacabunt
1385 3360 1483 3425 libere

165 3464 186 3526 tl
199 3466 344 3534 absolute.
387 3467 420 3533 Si
452 3487 528 3532 vero
561 3467 732 3552 supradicti
754 3468 909 3546 Hinricus,
946 3467 1126 3553 Walburgis
1159 3472 1214 3536 aut
1245 3469 1339 3533 heres
1372 3488 1483 3534 eorum

166 3565 252 3640 dietam
282 3577 471 3660 pensionem
505 3576 648 3641 videlicet
682 3577 832 3642 molcium
865 3577 953 3644 ordei
987 3583 1019 3643 et
1051 3578 1132 3644 duos
1164 3597 1275 3644 caseos
1308 3577 1348 3642 de
1370 3577 1483 3643 ovibus

166 3677 253 3748 suun
282 3683 420 3749 termino
452 3682 595 3749 videlicet
626 3683 658 3748 in
693 3685 774 3749 festo
803 3684 888 3751 beati
910 3685 1034 3751 Martini
1063 3685 1186 3752 solvere
1208 3683 1404 3767 neglexerint
1426 3686 1481 3750 aut

166 3791 393 3877 metempserint.
426 3791 492 3874 agri
524 3791 656 3875 predicti
689 3792 809 3875 capelle
842 3793 928 3858 beati
950 3793 1091 3875 Gregorii
1125 3793 1218 3858 michi
1249 3812 1286 3858 ac
1309 3793 1387 3857 meis
1410 3812 1481 3858 suc·

166 3899 311 3971 itutilibus
333 3900 493 3965 vacabunt
514 3899 612 3964 libere
633 3900 700 3965 sine
723 3900 830 3984 aliqua
852 3902 1109 3968 contradictione.
1132 3902 1171 3967 Et
1191 3905 1227 3968 ut
1243 3903 1351 3969 omnia
1367 3920 1481 3985 supra·

166 3997 224 4071 dicia
240 4011 308 4074 rata
330 4012 362 4073 et
383 4008 560 4074 indubitata
581 4014 801 4092 permaneant,
834 4014 1015 4094 presentem
1048 4013 1184 4077 litteram
1216 4012 1316 4094 sigillo
1347 4012 1479 4096 predicti

166 4105 253 4180 domini
273 4116 396 4182 Gerlaci
418 4116 548 4182 ecclesie
570 4116 826 4201 Osnaburgensis
849 4120 971 4197 decani,
993 4120 1113 4203 capelle
1135 4139 1207 4185 mee
1229 4120 1363 4203 patroni,
1385 4120 1480 4203 petivi

165 4223 307 4306 pugnari
338 4244 377 4291 ac
409 4225 550 4291 roborari
583 4226 615 4290 in
648 4226 863 4292 testimonium
898 4223 1136 4310 premissorum.
1181 4228 1219 4294 Et
1246 4248 1305 4295 nos
1328 4228 1479 4293 Gerlacus

162 4319 201 4392 Dei
226 4334 321 4415 gratia
354 4333 610 4417 Osnaburgensis
643 4335 792 4415 decanus,
827 4340 863 4401 ut
894 4337 954 4401 hec
988 4338 1096 4403 omnia
1127 4341 1197 4403 rata
1228 4340 1261 4402 et
1289 4338 1381 4403 firma
1407 4357 1480 4419 per·

160 4447 294 4524 maneam,
316 4443 452 4527 sigillum
473 4448 616 4510 nostrum
639 4445 787 4511 duximus
810 4446 1009 4529 presentibus
1036 4447 1274 4530 apponendum.
1309 4446 1424 4511 Actum
1449 4451 1480 4512 et

157 4543 243 4615 datum
263 4571 350 4618 anno
362 4551 488 4618 Domini
500 4551 804 4631 M⁰CG⁰LXXXIII⁰,
827 4553 859 4619 in
881 4555 962 4619 festo
977 4555 1076 4619 sancti
1089 4552 1272 4619 Michahelis
1287 4552 1478 4636 archangeli.

256 4682 528 4769 blonbcltttnigea
561 4684 668 4770 &eget
701 4704 741 4752 on
774 4685 1090 4771 tttergcnnntlttctien:
1125 4685 1262 4767 &trente
1294 4684 1392 4771 {tigna
1427 4685 1478 4754 bea

157 4806 167 4854 v.
187 4790 296 4875 &nuo
316 4793 373 4861 mit
394 4791 489 4878 ttteng
511 4793 542 4861 in
565 4794 616 4862 bct
637 4793 761 4877 itterbtcn
784 4795 844 4862 unb
867 4793 1012 4876 &attinet
1035 4795 1067 4861 tn
1088 4793 1138 4861 bet
1157 4793 1274 4863 blaten.
1297 4793 1474 4879 Umldtiltt

157 4905 168 4969 t
187 4902 306 4970 Gerlaci
328 4902 441 4970 decani
463 4904 593 4971 ecclesie
615 4905 736 4971 Osnab.
