3210 5354
810 286 879 343 1281
1476 273 1518 337 23

159 458 282 522 eisdem
318 456 460 523 denariis
490 455 639 539 hospitali
671 455 868 520 infirmorum
891 453 972 518 inira
992 470 1102 517 muros
1125 453 1293 518 duodecim
1316 452 1467 517 denarios
1488 456 1520 517 et

159 564 298 629 nlirrnis
319 565 352 628 in
374 563 445 646 ipsa
467 564 564 629 domo
598 563 796 646 leprosorum
829 563 998 628 duodecim
1031 554 1178 626 denarios
1209 561 1301 626 armis
1334 560 1465 644 singulis
1486 562 1520 626 in

159 672 210 737 die
232 672 494 737 annuntiacionis
512 671 607 736 beate
621 671 719 736 Maria
740 670 866 752 virginis
888 670 931 734 ad
952 669 1156 734 refectionem
1179 669 1379 734 infirmorum
1401 670 1517 734 utrius·

159 798 224 863 que
251 780 372 846 domus
401 779 628 844 ministrandos
661 783 694 843 et
725 779 786 844 boc
814 778 913 842 modo
942 776 1195 841 distribuendos:
1228 776 1378 859 Magister
1403 778 1518 842 domus

159 888 367 972 leprosorum
404 888 437 952 in
469 887 553 953 dicto
586 890 697 952 sancto
736 888 787 952 die
822 886 916 950 beate
949 884 1047 949 Marie
1079 884 1208 966 virginis
1240 905 1313 949 cum
1349 884 1519 951 duodecim

160 997 304 1063 denariis
340 996 488 1079 hospitali
526 995 726 1061 infirmorum
759 994 917 1077 deputatis
957 1012 1065 1056 emere
1098 992 1197 1057 debet
1230 992 1321 1057 albos
1353 1012 1454 1075 panes
1487 996 1519 1058 et

162 1105 305 1171 dividere
327 1106 410 1170 inter
430 1105 583 1182 infirmos,
613 1104 657 1168 ita
685 1103 771 1185 quod
802 1101 933 1184 quilibet
955 1099 1154 1164 infirmorum
1184 1099 1305 1165 habeat
1327 1099 1453 1164 eunium
1477 1102 1519 1166 de

164 1215 363 1298 quadrante3
385 1212 472 1296 quod
485 1211 648 1276 residuum
663 1211 755 1275 luerit
776 1210 972 1291 relinquetur
993 1207 1122 1273 ibidem.
1144 1208 1224 1271 Item
1247 1208 1351 1272 dictus
1364 1209 1518 1287 magister

164 1321 363 1403 leprosorum
398 1337 470 1383 cum
504 1318 671 1384 duodecim
706 1317 842 1381 denariis
875 1334 933 1380 sue
965 1316 1074 1380 domui
1105 1317 1265 1398 deputatis
1292 1335 1400 1380 emere
1422 1316 1520 1381 debet

166 1428 250 1494 cibos
283 1431 317 1493 et
351 1425 539 1491 distribuere
572 1425 653 1488 inter
685 1423 838 1502 infirmos,
872 1422 980 1505 itaque
1013 1423 1144 1505 quilibet
1174 1422 1370 1488 infirmorum
1399 1424 1519 1489 habeat

168 1536 292 1600 eunium
325 1534 367 1599 de
400 1531 580 1614 quadrante
611 1535 643 1595 et
677 1531 805 1614 eiphum
839 1530 970 1596 cervisie
984 1533 1029 1594 ·et
1061 1530 1165 1614 siquid
1187 1531 1350 1595 residuum
1371 1532 1464 1596 fuerit
1485 1533 1518 1596 in

172 1643 243 1708 allos
275 1642 364 1707 cibos
397 1642 599 1705 convertetur
630 1639 705 1721 ipsis
736 1639 867 1704 infirmis
896 1639 1009 1704 eodem
1033 1640 1083 1704 die
1107 1640 1342 1705 ministrandos.
1387 1640 1420 1704 Si
1440 1659 1517 1706 vero

174 1748 321 1832 hospitale
353 1749 554 1830 leprosorum
586 1746 700 1830 peribit
733 1751 764 1812 et
796 1747 1034 1841 adnichillatum
1068 1746 1171 1825 suerit,
1206 1749 1251 1812 ita
1285 1749 1371 1831 quod
1399 1768 1459 1813 nec
1485 1750 1516 1813 in

178 1855 246 1935 loco,
278 1857 332 1921 ubi
365 1873 450 1920 nunc
482 1856 567 1933 sunt,
600 1859 649 1919 est
681 1872 788 1937 neque
821 1853 852 1917 in
886 1853 947 1918 alio
980 1853 1050 1919 loco
1079 1855 1170 1936 juxta
1193 1855 1351 1920 civitatem
1374 1858 1518 1921 nostram

182 1962 323 2029 lubitccio
346 1982 459 2028 eorum
480 1962 584 2040 fuerit,
617 1963 689 2027 dicti
712 1961 854 2026 redditus
876 1962 1096 2045 adhospitale
1119 1964 1327 2044 infirmorum,
1360 1967 1447 2049 quod
1469 1969 1519 2031 est

186 2070 251 2136 inira
279 2091 389 2137 muros
421 2073 557 2149 nostros,
591 2069 785 2153 integraliter
816 2070 1031 2150 pertinebunt.
1074 2072 1113 2136 Et
1141 2074 1177 2136 ut
1205 2073 1314 2137 omnia
1335 2073 1517 2156 supradicta

189 2181 243 2241 nta
259 2184 288 2244 et
307 2178 485 2244 indubitata
506 2176 538 2240 in
560 2196 620 2241 suo
641 2177 757 2242 robore
779 2182 1000 2259 permaneant,
1031 2185 1217 2261 presentem
1245 2181 1382 2246 litteram
1404 2187 1515 2249 nostro

193 2300 220 2346 ac
241 2286 330 2367 ipsius
363 2286 483 2351 domini
515 2285 668 2349 Ludberti
699 2284 805 2365 sigillis
839 2287 1094 2368 consignavimus
1128 2288 1159 2351 in
1192 2289 1409 2355 testimonium
1442 2310 1516 2373 pre·

158 2460 160 2467 ¹
194 2389 342 2456 missorum.
386 2390 503 2456 Actum
530 2393 562 2455 et
590 2392 701 2456 datum
723 2412 810 2457 anno
832 2393 959 2459 Domini
981 2393 1232 2460 M⁰CC⁰LXXX⁰
1254 2397 1367 2479 primo,
1400 2399 1432 2462 in
1464 2399 1515 2464 die

157 2482 160 2539 ἶ
197 2493 258 2559 beati
275 2498 375 2564 Brictii
398 2499 547 2581 episcopi,
570 2500 772 2580 presentibus
793 2501 949 2584 pluribus.

292 2631 360 2698 aas
382 2630 452 2710 erle
475 2630 582 2715 &leget
602 2630 782 2715 cbqelctleu3
816 2651 884 2700 cem
915 2633 1035 2717 metten
1066 2652 1126 2701 nuc
1148 2635 1196 2702 eiu
1218 2634 1326 2702 tleinec
1347 2635 1511 2720 tsscdetelt

201 2733 308 2820 eructu,
328 2740 381 2824 oui
404 2737 535 2823 caelebem
557 2740 743 2824 euidetueub
767 2743 815 2808 eiu
837 2741 1017 2825 titeueubee
1040 2741 1239 2843 worteubttb.

204 3173 241 3244 tt.
258 3221 287 3234 -
306 3187 495 3268 bonnuel,
518 3188 611 3269 teet
635 3187 810 3262 bottulo
833 3190 884 3261 17.

331 3321 396 3389 lter
425 3321 558 3404 §lebant
586 3321 985 3406 annotatiunculae
1016 3324 1050 3391 tu
1080 3323 1160 3392 tlblu
1192 3324 1242 3392 cte
1275 3344 1344 3393 eom
1373 3326 1514 3412 &renale

327 3429 590 3498 teucedtuoebtcu
623 3431 684 3497 uub
707 3432 853 3498 anubem
876 3431 1107 3514 lbcmlrbetoitec
1129 3433 1190 3500 uub
1213 3433 1455 3517 lbemtbeioutot
1477 3454 1512 3520 qu

330 3536 503 3604 Deuebttd
535 3536 745 3622 iubbeteqltter
767 3538 911 3618 ogerum
944 3539 1024 3607 eluet
1055 3539 1228 3622 puplllcbeu
1259 3539 1513 3627 birbubemllcez

329 3645 424 3718 cliton
455 3645 625 3730 lenuittht
655 3647 725 3730 aaa
758 3645 898 3729 uincet„
930 3648 986 3713 beu
1014 3646 1186 3729 oecultum
1217 3647 1356 3732 &ethech
1380 3650 1512 3718 &talbot

328 3764 386 3821 cue
419 3753 594 3822 boamunte
627 3755 682 3822 mit
714 3755 795 3822 ciues
828 3753 1183 3839 &tilleberrmlllttiube
1216 3755 1250 3823 iu
1286 3756 1341 3824 &t
1373 3758 1512 3843 zebeon:

327 3860 501 3928 Denobtbd
521 3880 555 3946 qu
578 3861 765 3944 pcoeiblteu.

425 3991 574 4066 Dttqiooi:
594 3994 799 4065 electensis.

290 4158 296 4171 .
319 4159 326 4173 .
348 4109 496 4175 Decanus
525 4110 656 4175 ecclesie
686 4106 796 4175 sancte
816 4109 914 4174 Marie
945 4109 987 4174 ad
1009 4111 1126 4192 mades
1149 4110 1180 4176 in
1206 4112 1339 4178 Colonia
1361 4118 1513 4180 executor

198 4211 266 4283 mitt
288 4216 468 4297 provisione
491 4216 623 4282 Gerardi
646 4216 799 4282 Stalbuch
822 4218 862 4283 de
883 4216 1057 4282 Tremonia
1088 4219 1191 4284 elerici
1213 4220 1411 4287 coloniensis
1434 4223 1512 4306 dyo·

198 4308 252 4376 oab
268 4338 285 4383 a
303 4323 377 4386 viris
399 4322 542 4387 discretis
558 4372 565 4388 .
584 4322 779 4403 ,guardiano
801 4322 919 4388 ordinis
942 4323 1076 4389 fratrum
1099 4328 1258 4392 minorum
1282 4377 1289 4392 .
1313 4380 1321 4394 .
1345 4330 1511 4397 scolastico

196 4413 238 4485 el·
255 4475 262 4490 .
279 4428 476 4495 thesaurario
498 4429 629 4494 ecclesie
652 4428 919 4511 Osnaburgensis‚
952 4433 1173 4499 executoribus
1204 4454 1300 4518 super
1331 4437 1414 4502 dicta
1436 4458 1512 4520 pro·

195 4519 283 4599 llatone
309 4555 330 4601 a
358 4536 435 4601 sede
456 4537 630 4620 apostolica
663 4537 832 4618 deputatis,
865 4538 1092 4622 subdelegatus
1115 4541 1235 4606 dilectis
1265 4543 1297 4606 in
1320 4542 1447 4609 Christo
1470 4596 1510 4614 ..

193 4624 300 4708 blebem
320 4642 352 4706 in
373 4642 637 4709 vaellinchavem
661 4647 712 4710 et.
726 4646 860 4712 ‚rectori
883 4647 1013 4711 ecclesie
1034 4648 1066 4712 in
1090 4648 1293 4714 Volmestene
1312 4648 1512 4719 Coloniensis

193 4730 306 4819 limis
336 4749 471 4816 salutern
509 4753 541 4817 in
573 4752 722 4819 Domino.
765 4751 922 4818 Noveritis
962 4772 1020 4818 nos
1058 4755 1177 4821 litteras
1214 4758 1429 4838 predictorum
1462 4811 1470 4826 .
1502 4813 1510 4829 .

193 4855 328 4923 aurumi
351 4906 360 4925 .
382 4907 390 4925 .
413 4859 569 4927 scolastici
590 4863 623 4924 et
648 4911 654 4924 .
680 4908 688 4925 .
710 4860 897 4926 thesaurarii
919 4864 1076 4945 recepisse
1097 4864 1131 4928 in
1151 4864 1211 4930 hec
1234 4866 1347 4932 verba:
